2572 3423
1250 128 1307 170 31

1138 197 1425 215 mmm

301 294 601 349 magnitudinem
621 292 848 345 degressus,
878 292 1097 345 contiguam
1126 302 1285 344 magnae
1310 289 1563 331 aedifi-cavie&
1606 290 1774 331 Videtur
1802 293 1917 345 igitur
1945 289 2173 331 Herodotus
2203 292 2256 329 al-

301 364 502 405 titudinem
531 362 742 413 superioris
772 362 902 413 partis,
931 362 955 399 i.
972 373 1004 400 e.
1023 359 1234 413 pyramidis
1263 362 1395 412 ipsins,
1424 358 1583 399 excluso
1610 360 1874 408 fundamento,
1903 375 1991 400 cum
2018 374 2156 414 magna
2179 373 2259 412 py-

302 433 452 473 ramide
477 444 733 482 comparasse.
755 454 758 455 ⁷
779 430 866 468 Nec
894 437 1034 477 tamen,
1061 431 1104 468 -si
1136 430 1340 481 utriusque
1376 428 1616 468 altitudinem
1651 429 1865 468 normalem
1899 433 2093 478 sumimus,
2127 431 2259 469 Hero—

300 500 384 541 doti
421 488 607 539 numerus
645 512 732 538 cum
761 500 923 538 veritate
959 499 1152 538 convenit.
1208 497 1309 538 Nam
1348 496 1514 537 altitudo
1551 498 1693 550 prioris
1721 497 1794 537 suit
1822 510 1941 550 supra
1965 497 2256 538 fundamentum

306 586 350 605 a:
369 568 515 615 312,25
534 565 636 614 cub„
667 566 779 606 huius
807 584 852 603 ==
882 567 963 607 296
983 565 1135 615 cubitis,
1163 565 1270 605 unde
1302 565 1520 606 differentia
1544 564 1675 619 prodit
1702 582 1746 600 =
1775 564 1890 614 16,25
1915 564 2004 605 cub.
2034 583 2078 600 ==
2100 568 2188 605 circ.
2204 566 2255 606 24

300 636 390 689 ped.
411 636 489 680 01.;
525 642 592 675 aut
620 637 651 674 si
680 638 801 689 priori
828 648 991 674 numero
1019 634 1259 674 altitudinem
1294 634 1532 674 fundamenti
1566 634 1754 682 addimus,
1794 634 1972 682 efficitur,
2008 642 2050 673 ut
2079 634 2258 673 disserant

300 707 390 744 circ.
408 706 460 743 20
476 702 565 743 cub.
589 704 671 742 sive
700 704 753 742 3O
768 702 948 755 pedibus.
979 726 1029 733 —
1075 702 1218 743 Melius
1245 715 1308 741 res
1336 701 1534 755 procedat,
1564 704 1596 742 si
1624 702 1697 742 hac
1725 715 1886 755 quoque
1914 704 1954 741 in
1981 715 2024 741 re
2052 702 2165 742 liceat
2196 715 2257 741 ar-

301 774 447 820 bitrari,
475 771 720 811 Herodotum
749 771 1035 810 sive'consulto
1058 773 1140 810 sive
1164 773 1327 809 inscium
1354 771 1532 823 trianguli
1555 771 1706 824 obliqui
1728 771 1885 810 alterius
1912 770 2149 809 altitudinem
2168 785 2256 810 cum

300 841 419 881 altera
437 842 733 892 comparavisse.
771 840 815 879 In
831 853 967 892 magna
992 841 1092 880 enim
1114 838 1317 892 pyramide
1334 838 1431 879 haec
1446 839 1519 879 fuit
1539 858 1582 875 =
1600 838 1680 879 400
1696 838 1798 888 cub„
1816 841 1855 878 in
1872 838 1992 879 altera
2012 857 2055 874 =
2072 840 2152 881 370
2166 839 2255 878 cub.

299 912 436 963 (supra
456 907 777 959 fundamentum),
812 909 880 961 qui
915 908 1064 948 numeri
1088 908 1143 947 30
1163 906 1303 947 cubitis
1337 908 1361 947 i.
1385 920 1417 947 e.
1443 905 1494 948 45
1511 906 1597 961 ped.
1621 906 1687 949 Ol.
1712 906 1907 956 differunt,
1943 913 1981 948 et
2010 909 2042 947 si
2071 909 2252 960 ponimns

297 980 516 1031 Aegyptios
544 980 584 1016 in
613 976 844 1015 exstruenda
871 990 1008 1029 magna
1035 976 1238 1029 pyramide
1256 976 1306 1015 ad
1333 978 1460 1028 ipsum
1488 990 1678 1016 summum
1706 990 1787 1018 non
1814 979 2039 1031 pervenisse
2055 988 2253 1022 cacumen,

299 1049 413 1087 etiam
442 1048 665 1098 propiorem
695 1047 819 1084 nostri
847 1058 1053 1085 numerum
1082 1060 1179 1085 vero
1205 1046 1326 1085 fuisse
1354 1044 1568 1097 putandum
1597 1052 1665 1085 est.

488 1113 741 1156 Brevioribus
769 1113 885 1155 nobis
913 1127 1001 1154 esse
1022 1112 1156 1153 licebit
1169 1112 1218 1153 de
1245 1113 1407 1167 reliquis
1435 1112 1714 1167 pyramidibus,
1742 1127 1831 1154 cum
1858 1126 1939 1153 non
1967 1115 2058 1153 satis
2075 1121 2254 1152 accurate

297 1185 534 1223 recentiores
565 1196 629 1222 eas
659 1182 822 1221 dimensi
850 1185 935 1221 sint.
993 1183 1126 1221 Tertia
1154 1188 1213 1221 est
1233 1183 1426 1234 Mycerini
1454 1184 1565 1235 regis,
1595 1196 1709 1235 quam
1738 1181 1965 1220 Herodotus
1996 1182 2057 1228 (11,
2077 1181 2171 1224 134)
2202 1184 2254 1218 ita

296 1251 499 1290 describit:
528 1251 753 1302 „IIupaep-u‘da.
779 1249 818 1290 δὲ
841 1248 906 1290 καὶ
926 1248 1027 1293 ιῧτος
1048 1249 1256 1297 ἀπελίπετο,
1279 1248 1419 1290 rauche
1440 1250 1591 1291 ε’λαῖοτω
1610 1252 1674 1289 τοῦ
1695 1246 1838 1297 πατρός,
1867 1250 1974 1289 εἴκοσι
1996 1248 2112 1288 ποδῶν
2136 1265 2256 1287 κατα.-

296 1316 448 1361 &donem
472 1319 589 1360 κῶλον
615 1316 766 1359 ἕκαστον
790 1317 890 1370 τριῶν
914 1315 1072 1371 πλέθρων
1096 1317 1220 1364 ἐούσης
1242 1314 1477 1371 τετραγώνου,
1501 1334 1581 1359 κ.τ.
1595 1318 1656 1358 λ.”
1698 1318 1821 1357 Vario
1851 1316 1969 1357 modo
1993 1317 2096 1356 hunc
2124 1316 2253 1355 locum

298 1393 493 1427 tentarunt
517 1389 759 1440 interpretes,
787 1400 955 1439 quorum
984 1388 1129 1440 primus
1144 1387 1537 1440 Schweighaeuserus
1556 1399 1716 1433 comma,
1745 1385 1854 1437 quod
1881 1388 1922 1424 in
1938 1385 2119 1424 omnibus
2150 1387 2254 1437 prin·

297 1455 405 1496 ribus
434 1455 672 1495 editionibus
700 1464 791 1507 post
818 1455 981 1494 verbum
1009 1454 1264 1499 καταδέουσαν
1292 1457 1364 1494 fuit
1393 1458 1454 1503 (ut
1482 1469 1619 1494 sensus
1648 1455 1763 1493 suerit
1793 1455 1938 1501 „multo
1960 1458 2146 1493 minorem
2178 1469 2249 1505 py-

296 1523 441 1563 ramide
471 1526 601 1575 patris,
637 1538 659 1562 a
688 1537 767 1575 qua
793 1525 926 1576 viginti
955 1523 1122 1575 pedibus
1150 1524 1361 1570 recederet,
1399 1525 1536 1575 quavis
1572 1530 1680 1575 parte
1715 1525 1786 1562 tria
1822 1522 1972 1575 plethra
2001 1524 2250 1574 comprehen-

295 1590 482 1631 dentem.’'
532 1591 590 1631 Ita
610 1591 744 1631 Matth.
760 1590 829 1631 Gr.
844 1604 897 1644 gr.
920 1605 957 1643 p.
974 1592 1053 1634 788
1084 1591 1206 1631 verba
1230 1593 1379 1644 accipit,
1402 1590 1638 1630 subaudiens
1661 1590 1826 1642 ἔχουσαν
1854 1597 1942 1631 ante
1957 1589 2088 1634 κῶλονε,
2118 1603 2247 1641 neque

296 1659 406 1697 aliter
434 1659 634 1697 Iomardus
663 1661 949 1709 interpretatur.
976 1660 1112 1698 Descr.
1134 1659 1183 1698 de
1210 1650 1305 1711 l’Eg.
1321 1660 1406 1705 VH,
1422 1673 1459 1710 p.
1478 1660 1527 1701 57
1548 1661 1588 1697 in
1611 1663 1744 1708 nota),
1775 1658 1928 1705 delevit,
1958 1666 2073 1708 atque
2102 1660 2155 1695 ita
2186 1672 2250 1693 ox-

297 1725 414 1779 plicat
436 1726 582 1773 „multo
604 1728 789 1767 minorem
819 1729 870 1766 ait
894 1740 979 1766 esse
1007 1734 1178 1780 paterna,
1207 1741 1327 1779 quum
1354 1726 1457 1766 illius
1485 1725 1587 1766 latus
1608 1726 1795 1780 quodque
1815 1729 1855 1766 in
1882 1725 1964 1765 basi
1994 1727 2149 1765 nonnisi
2180 1728 2250 1764 tria

296 1795 446 1847 plethra
471 1794 607 1833 demtis
629 1796 762 1846 viginti
791 1795 959 1846 pedibus
989 1798 1030 1845 (i.
1046 1809 1080 1835 e.
1097 1798 1177 1835 280
1192 1795 1331 1847 pedes)
1360 1796 1570 1834 metiatur”.
1610 1794 1790 1834 Ridicule
1817 1794 1948 1846 lapsus
1975 1801 2033 1833 est
2048 1795 2249 1842 Baelirius‚

296 1865 375 1915 qui,
413 1868 619 1914 postquam
647 1862 1004 1916 Schweighaeuseri
1033 1869 1071 1903 et
1103 1862 1308 1903 lectionem
1343 1869 1383 1903 et
1415 1864 1770 1915 interpretationem
1804 1869 1964 1903 secutus
2002 1869 2071 1910 est,
2110 1869 2247 1909 tamen,

295 1937 340 1970 ut
365 1930 564 1970 Letronnii
594 1933 821 1970 sententiam
849 1931 1011 1980 refellat,
1038 1931 1289 1971 Matthiaeum
1317 1931 1493 1979 advocat,
1530 1942 1552 1971 a
1579 1944 1661 1983 quo
1690 1931 1807 1971 huius
1835 1931 1914 1971 loci
1942 1933 2128 1970 rationem
2158 1930 2251 1969 dicit

295 2012 382 2037 esse
411 2001 631 2049 expositam.
693 2001 929 2038 Letronnius
959 2002 1070 2046 enim,
1109 2013 1199 2038 cum
1226 2000 1306 2037 loci
1340 2007 1535 2038 structura
1562 2000 1737 2038 offensus
1774 2007 1857 2038 tum
1885 1999 2053 2038 Diodori
2082 1999 2251 2049 quodam

295 2066 385 2106 loco
415 2074 631 2106 commotus
661 2069 882 2119 suspicatur
911 2069 967 2107 sic
995 2069 1179 2120 scriptum
1209 2067 1330 2108 fuisse
1358 2066 1446 2117 „rofi
1471 2064 1606 2121 τατρδς
1634 2060 1708 2112 ET<
1735 2066 1852 2109 ποδῶν
1879 2066 2153 2110 nardinum?
2178 2082 2249 2118 pm

295 2131 333 2178 K
357 2133 484 2176 ποδῶν.
541 2133 632 2182 Sed,
666 2136 698 2173 si
726 2135 803 2175 tale
832 2134 928 2187 quid
956 2135 1080 2184 liceat,
1110 2150 1182 2176 cur
1209 2147 1290 2176 non
1320 2142 1391 2178 TK
1414 2136 1591 2176 malimus
1620 2136 1760 2189 legere,
1790 2151 1878 2176 cum
1908 2138 1989 2176 320
2004 2135 2145 2189 pedum
2177 2135 2248 2174 ‹lif-

294 2206 456 2243 ferentia
485 2216 573 2240 cum
603 2202 804 2241 altitudine
833 2204 949 2242 huius
978 2204 1191 2256 pyramidis
1227 2204 1365 2243 melius
1394 2207 1610 2251 conveniat,
1645 2219 1763 2257 quam
1798 2209 1872 2249 ΣΚ
1894 2223 1938 2239 =
1965 2208 2043 2242 220
2059 2204 2166 2256 ρεά.,“
2199 2227 2247 2234 ——

295 2274 346 2312 At
364 2283 462 2311 vero
480 2270 577 2309 haec
597 2272 726 2308 omnia
744 2283 825 2309 rem
844 2284 927 2311 non
946 2271 1167 2323 expediunt.
1195 2273 1296 2311 Nam
1314 2285 1365 2311 ne
1384 2272 1742 2325 Schweighaeuseri
1762 2272 1920 2325 quidem
1939 2273 2056 2311 lectio
2077 2285 2250 2310 errorem

300 2340 413 2388 tollit,
442 2345 485 2378 ut
513 2344 662 2376 taceam
691 2337 740 2376 de
767 2337 981 2378 verborum
1015 2346 1209 2378 structura
1236 2342 1329 2378 satis
1358 2347 1539 2379 contorta
1568 2347 1605 2380 et
1640 2341 1833 2393 impedita,
1871 2354 1972 2392 quae
2007 2339 2056 2378 ab
2087 2340 2248 2378 aliorum

295 2406 487 2448 eiusmodi
514 2405 695 2445 locorum
722 2408 873 2446 ratione
902 2408 946 2457 (Ι,
964 2406 1033 2453 94ς
1062 2408 1124 2455 IX,
1135 2409 1208 2454 3ος
1238 2408 1307 2453 703
1336 2410 1405 2460 qui
1431 2410 1631 2447 notissima
1648 2409 1836 2455 exhibent,
1867 2416 1904 2446 et
1931 2409 1974 2452 11,
1993 2409 2027 2454 7,
2049 2410 2114 2458 qui
2135 2408 2248 2444 locus

299 2476 392 2514 huic
410 2481 549 2514 nostro
566 2474 727 2514 similior
746 2479 822 2527 est)
841 2475 958 2528 longe
978 2475 1140 2515 differat.
1182 2476 1438 2528 Francogalli,
1458 2478 1527 2527 qui
1545 2477 1645 2516 hanc
1664 2490 1825 2529 quoque
1845 2475 2095 2529 pyramidem,
2115 2489 2249 2526 quam-

292 2545 352 2583 vis
379 2556 462 2582 non
491 2545 789 2591 accuratissime,
818 2546 963 2584 emensi
990 2552 1091 2593 sunt,
1129 2545 1370 2585 fundamenti
1397 2544 1510 2585 lateri
1538 2545 1761 2585 adscribunt
1795 2547 1907 2591 102‚2
1923 2544 2030 2583 metr.
2051 2531 2150 2595 gall„
2179 2543 2249 2582 ba-

293 2612 345 2650 sis
373 2609 484 2647 lateri
516 2610 631 2657 100,7
649 2612 771 2658 metu,
799 2618 837 2650 et
865 2611 1059 2651 altitudini
1086 2612 1311 2664 pyramidis,
1339 2612 1497 2651 excluso
1525 2612 1776 2651 fundamento
1805 2612 1994 2658 „environ
2018 2612 2068 2650 53
2085 2613 2250 2650 ωὲῑι·υ5”’

294 2683 481 2730 (quorum
508 2689 760 2716 numerorum
788 2680 953 2730 primum
980 2679 1182 2717 Iomardus
1210 2681 1315 2718 iusto
1336 2678 1457 2730 paulo
1473 2681 1658 2717 maiorem
1680 2678 1773 2718 dicit
1802 2692 1888 2719 esse
1917 2687 2082 2731 propter
2111 2693 2249 2718 arenae

294 2744 471 2786 mimulos
506 2744 752 2783 metientibus
788 2744 1017 2794 obstantes).
1082 2745 1183 2784 Sunt
1218 2752 1345 2784 autem
1386 2747 1500 2792 1022
1524 2747 1632 2785 metr.
1656 2746 1743 2799 gall.
1771 2766 1814 2781 =
1840 2748 1988 2794 325,63
2013 2747 2101 2799 ped.
2123 2748 2246 2786 Rhen.

300 2832 343 2850 ε
363 2815 452 2853 circ.
473 2813 547 2851 221
568 2811 657 2852 cub.
672 2812 773 2864 vulg.
791 2830 835 2848 =
854 2813 975 2861 331,5
991 2811 1080 2864 ped.
1093 2813 1270 2866 olymp„
1290 2826 1365 2866 pro
1381 2812 1525 2865 quibus
1553 2817 1725 2855 numeris
1754 2823 1919 2869 propter
1944 2828 2096 2860 causam
2126 2815 2246 2854 moda·

292 2883 444 2922 allatam
473 2880 642 2920 scrihere
670 2880 803 2921 licebit
832 2884 912 2920 220
935 2881 1035 2930 cub„
1064 2884 1146 2921 sive
1174 2883 1255 2922 330
1277 2882 1367 2935 ped.
1383 2882 1566 2937 Olymp.;
1598 2885 1647 2925 53
1669 2885 1777 2923 metr.
1798 2891 1925 2924 autem
1946 2902 1989 2917 =
2015 2884 2248 2931 168,87‘Rh.
