2572 3423
1270 119 1327 167 19

317 288 370 326 ita
398 288 690 341 interpretatur,
727 286 839 337 quasi
866 283 969 325 τοῦτο
994 281 1035 325 τὸ
1057 287 1183 336 τεῖχος
1208 286 1438 325 exteriorem
1470 291 1616 326 tantum
1652 288 1849 327 moenium
1884 292 2035 340 partem
2068 286 2270 339 significet,

316 357 401 394 sive
427 357 612 394 maiorem
642 365 804 401 murum,
834 367 918 405 cap.
939 354 1014 396 179
1035 353 1272 405 descriptum
1299 356 1472 406 „quippe
1489 356 1561 405 qui
1588 354 1741 402 urbem,
1763 356 1883 394 veluti
1909 356 2034 395 lorica
2061 355 2269 404 hominem,

313 429 493 476 protegat
520 435 568 461 ae
594 422 780 468 tueatur⁷';
810 424 1014 474 sequentia
1041 429 1168 464 autem
1196 422 1329 465 verba,
1344 419 1481 475 ,ἕτερον
1505 420 1545 466 δὲ
1567 438 1603 464 κ.
1619 439 1651 463 τ.
1669 423 1729 463 λ..”
1756 425 1978 463 interiorem
2003 438 2157 464 murum
2175 426 2270 471 ‚sive

315 486 492 543 αἰματινῖν
526 490 631 531 illam
659 496 836 543 spectare
864 489 968 539 dicit,
1004 504 1135 543 neque
1162 490 1376 544 quidquam
1411 489 1518 533 aliud
1544 489 1622 532 hoc
1650 490 1742 532 loco
1771 490 1873 531 velle
1900 491 2156 541 Herodotum,
2192 494 2269 540 nisi

312 571 408 608 „snm
437 572 548 599 more
575 559 761 601 brevibus
789 559 920 600 verbis
949 572 995 600 ea
1026 566 1221 613 repetere,
1253 572 1357 612 quae
1385 558 1546 602 duobus
1578 559 1850 613 superioribus
1879 558 2072 613 capitibus
2106 560 2267 604 uberius

312 628 577 680 exposuerat&
643 628 721 669 Cui
753 631 1062 681 interpretationi
1098 642 1202 680 quae
1236 627 1507 683 adversentur,
1544 629 1640 669 haec
1678 630 1760 669 fere
1795 636 1896 669 sunt.
1961 630 2131 669 Primum
2165 632 2269 672 euim

310 696 416 737 τοῦτο
433 696 587 749 longius
612 704 806 737 remotum
823 696 979 737 videtur
1007 711 1029 736 a
1045 696 1179 738 verbis
1205 696 1292 745 illis,
1321 710 1422 749 quae
1450 709 1601 741 murum
1615 700 1858 739 vexteriorem
1879 697 2119 747 describunt,
2149 712 2269 750 quam

312 763 435 816 quod,
463 767 532 817 qui
554 767 701 818 integra
722 778 853 817 neque
873 772 1165 819 praeoccupata
1184 772 1315 806 mente
1339 766 1453 818 legat,
1482 766 1532 806 ad
1556 766 1664 819 illum
1689 767 1818 809 solum
1838 767 1990 807 referat.
2028 766 2147 807 Certe
2168 778 2266 819 pos,

311 839 401 873 sunt
429 832 587 886 quidem
616 832 666 872 ad
694 840 820 873 totum
848 835 1054 885 utri-nque
1089 832 1198 876 urbis
1225 835 1504 876 munimentum
1531 841 1719 888 spectare,
1751 834 1902 877 inclusa
1929 836 2114 875 interiore
2141 841 2264 887 parte,

310 906 426 952 quam
455 899 630 952 αἱμασιὴν
658 900 830 954 appellat-
854 907 1001 949 noster,
1029 914 1160 953 neque
1187 914 1249 951 e0,
1284 901 1397 954 quod
1424 902 1528 942 hunc
1555 915 1707 942 murum
1726 899 1867 955 θώρηκα.
1895 916 1995 944 esse,
2010 901 2114 950 dicit,
2141 904 2264 955 impe-¹

309 968 455 1015 dimus,
491 982 572 1018 quo
601 972 727 1008 minus
755 972 808 1010 ita
835 971 913 1008 hoc
940 972 1187 1022 accipiamus,
1240 971 1340 1011 Nam
1373 971 1432 1009 illi
1459 984 1623 1021 quoque
1658 974 1771 1009 muri
1789 971 1840 1010 ad
1867 972 2035 1013 fluminis
2065 973 2171 1021 ripas
2199 984 2266 1010 ex·

308 1038 445 1076 structi
476 1035 659 1084 hostibus
688 1039 876 1089 oppositi·
891 1044 1009 1078 erant.
1065 1036 1195 1089 Quam
1228 1039 1344 1090 igitur
1372 1036 1428 1078 ob
1450 1051 1612 1077 ‚causam
1647 1051 1729 1081 non
1756 1038 1900 1081 fuerint
1927 1045 1967 1078 et
1992 1039 2071 1090 ipsi
2096 1052 2172 1090 pro
2199 1038 2263 1078 lo-

306 1105 413 1144 rica?
449 1105 502 1144 At
528 1117 624 1143 vero
653 1104 750 1155 quid
778 1105 996 1157 significant
1022 1107 1224 1156 sequentia
1243 1105 1366 1146 verba
1392 1103 1528 1156 ,ἕτερον
1552 1103 1598 1148 δὲ,
1613 1122 1696 1147 κατ.
1711 1107 1793 1147 λε”ἓ
1834 1106 1963 1146 Valde
1992 1105 2262 1154 dubitaverim,

306 1184 400 1212 num
419 1171 556 1211 verbis
586 1174 602 1213 ὁ
628 1169 740 1225 ἕτερος
765 1179 803 1214 et
831 1171 944 1224 ἕτερος
969 1175 1194 1225 promiscue
1222 1175 1279 1212 uti
1295 1186 1472 1225 -usquam
1499 1172 1655 1222 licitum,
1673 1173 1789 1213 fuerit
1809 1174 1983 1223 Graecis,
2017 1186 2148 1225 neque
2176 1177 2261 1227 ipse

306 1239 710 1293 Schweighaeuserus‚
734 1240 850 1293 'quod
869 1242 910 1280 in
928 1240 1052 1281 lexico
1069 1247 1293 1281 constanter
1320 1248 1451 1282 tuetur
1474 1240 1690 1290 discrimen,
1717 1242 1796 1282 hoc
1817 1242 1911 1283 loco
1934 1241 2153 1295 neglectum
2175 1255 2261 1282 esse

307 1307 410 1347 dicit.
466 1309 611 1348 Nonne
638 1322 748 1357 vero,
775 1311 819 1358 si,
848 1309 959 1361 quod
987 1311 1046 1349 vir
1070 1309 1138 1349 ille
1154 1309 1307 1350 -doctus
1337 1309 1548 1358 contendit,
1575 1309 1706 1352 dicere
1734 1311 1925 1351 voluisset
1952 1310 2193 1359 Herodotus,
2221 1310 2263 1353 τδ

306 1373 346 1418 ἃ
369 1374 480 1429 ἕτερον
508 1376 681 1418 scribere
706 1391 796 1419 eum
824 1377 1054 1431 oportebat?
1091 1377 1202 1430 Quid
1229 1380 1344 1431 igitur
1370 1384 1501 1427 restat,
1527 1381 1603 1420 nisi
1630 1385 1674 1420 ut
1701 1379 1806 1420 hunc
1832 1379 1964 1420 locum
1991 1381 2045 1419 ita
2063 1387 2258 1421 vertamus

303 1446 438 1494 „Haec
466 1445 622 1497 quidem
650 1449 778 1498 (quae
804 1446 925 1487 modo
955 1446 1167 1499 descripsi)
1195 1449 1350 1487 moenia
1377 1460 1453 1500 pro
1488 1447 1613 1490 lorica
1640 1454 1730 1487 sunt
1757 1446 1862 1496 urbi,
1898 1448 1995 1488 alius
2023 1461 2119 1487 vero
2156 1451 2257 1489 intra

305 1526 351 1552 ea
386 1520 446 1552 est
483 1527 616 1554 murus
653 1516 762 1556 etc.''?
816 1515 938 1567 Quae
972 1517 1005 1554 si
1032 1514 1190 1567 quidem
1227 1514 1444 1567 probabilis
1480 1515 1658 1558 videatur
1691 1517 1970 1568 interpretatio,
2008 1516 2255 1569 Babylonem

304 1580 441 1623 urbem
463 1582 544 1622 duo
569 1582 907 1623 circumdederunt
934 1585 1043 1631 muri,
1072 1590 1139 1622 aut
1160 1583 1317 1635 quidem
1344 1586 1408 1631 ita,
1438 1590 1482 1626 ut
1509 1591 1676 1636 utraque
1704 1584 1813 1623 urbis
1840 1587 1950 1637 regio
1973 1584 2153 1637 (φαίρσ-ος)
2175 1588 2254 1625 sin·

302 1650 402 1702 gulis
421 1663 467 1690 ex
486 1650 664 1702 partibus
681 1651 783 1692 binis
806 1654 924 1692 muris
939 1652 1088 1692 inclusa
1106 1658 1218 1700 esset,
1247 1658 1324 1700 aut,
1354 1651 1471 1703 quod
1487 1653 1579 1692 mihi
1596 1652 1754 1704 quidem
1771 1652 1821 1693 ad
1845 1667 1903 1701 ea,
1932 1667 2033 1704 quae
2061 1653 2112 1693 ad
2133 1654 2255 1694 finem

302 1720 439 1771 capitis
473 1720 550 1759 180
578 1719 769 1773 leguntur,
804 1721 1024 1773 respicienti
1055 1719 1298 1764 verisimilius
1325 1719 1490 1770 videtur,
1523 1722 1577 1762 ita
1611 1726 1656 1762 ut
1691 1721 1906 1764 secundum
1932 1722 2080 1763 flumen
2115 1721 2257 1775 singuli

301 1792 449 1826 tantum
476 1789 575 1825 muri
602 1795 749 1836 essent,
789 1802 877 1828 eum
910 1789 1104 1840 reliquum
1138 1791 1415 1830 munimentum
1444 1802 1466 1828 e
1494 1789 1653 1831 duobus
1681 1792 1799 1829 muris
1829 1797 2036 1830 constaret.
2090 1790 2257 1843 Aliquid

300 1854 466 1893 fortasse
494 1856 582 1906 opis
599 1857 731 1909 „etiam
758 1855 879 1895 verba
908 1857 972 1904 „od
996 1854 1131 1909 πολλῷ
1153 1886 1281 1897 ......
1306 1855 1513 1910 στεινίτερον
1533 1856 1613 1906 δί”,
1643 1871 1744 1910 quae
1781 1860 1823 1899 in
1849 1858 2027 1898 clausula
2057 1865 2149 1898 sunt
2183 1872 2255 1910 pe-

298 1922 412 1970 riodi,
440 1924 531 1963 huic
556 1930 715 1963 nostrae
743 1926 955 1963 sententiae
984 1924 1162 1973 afferunt,
1193 1938 1292 1973 cum,
1318 1927 1354 1965 si
1381 1926 1739 1978 Schweighaeuser-i
1762 1926 1994 1979 probaveris
2023 1928 2253 1979 interpreta-

300 1992 458 2038 tionem,
495 1991 606 2031 aliter
633 2005 715 2031 non
749 1994 900 2044 possint
927 1994 1036 2040 verti,
1071 1994 1146 2032 nisi
1180 1994 1234 2033 ita
1261 2007 1367 2042 „non
1401 1993 1523 2034 multo
1553 1994 1713 2046 quidem
1747 1994 1942 2035 infirmior
1975 1994 2099 2035 altero
2128 2009 2254 2043 muro,

300 2058 372 2100 sed
400 2059 538 2112 (paulo
569 2065 715 2111 tamen)
743 2062 903 2101 minoris
931 2060 1174 2102 latitudinis’'.
1237 2062 1544 2112 Animadvertas.
1576 2076 1738 2115 quaese,
1768 2064 2029 2106 verba-uncis
2057 2078 2079 2104 a
2106 2077 2168 2104 me
2194 2066 2253 2103 in·

299 2127 418 2176 clusa,
453 2131 494 2169 in
522 2128 667 2181 quibus
695 2131 816 2170 totius
844 2131 1056 2170 sententiae
1083 2131 1142 2170 vis
1170 2132 1284 2182 quasi
1306 2132 1400 2171 insit
1427 2138 1467 2172 et
1493 2131 1629 2180 robur,
1669 2146 1770 2184 quae
1798 2132 1969 2174 efficiant
1998 2130 2177 2183 denique,
2209 2138 2252 2173 ut

297 2208 392 2235 vera
407 2202 459 2235 ‘et
486 2197 604 2247 plena
631 2199 680 2236 sit
708 2198 915 2244 antithesis,
951 2199 1048 2236 haec
1075 2200 1160 2249 ipsa
1186 2197 1308 2238 verba
1335 2212 1359 2238 a
1384 2205 1522 2238 nostro
1551 2212 1638 2238 esse
1666 2201 1819 2238 omissa.
1874 2200 2079 2238 Praeterea
2113 2202 2251 2241 nescio

298 2278 349 2304 an
376 2263 481 2316 apud
498 2264 744 2304 Herodotum
773 2264 921 2317 ubique
951 2266 1016 2315 (cf.
1030 2267 1076 2314 II,
1093 2268 1129 2314 8,
1146 2274 1185 2306 et
1208 2268 1274 2313 11;
1301 2267 1392 2315 vn,
1411 2267 1498 2315 175,
1515 2274 1553 2306 et
1573 2268 1669 2312 223„
1699 2267 1802 2313 VIII,
1818 2267 1908 2315 31;)
1936 2265 2100 2310 verbum
2119 2264 2251 2313 nccvc‘e

298 2331 349 2373 de
376 2331 569 2374 eiusmodi
595 2331 821 2386 regionibus
849 2331 1010 2382 dicam,
1039 2346 1141 2386 quae
1170 2333 1375 2376 altioribus
1411 2334 1493 2376 aliis
1520 2333 1776 2382 includantur,
1804 2335 1937 2387 itaque
1964 2347 2052 2379 non
2077 2337 2250 2389 angustis

297 2401 426 2441 solum
454 2415 589 2441 verum
618 2404 731 2441 etiam
760 2404 875 2441 cavis.
930 2402 1064 2441 Simile
1092 2402 1188 2453 quid
1215 2403 1306 2442 huic
1332 2405 1391 2442 rei
1417 2402 1579 2443 subesse
1604 2415 1689 2442 non
1717 2404 1877 2443 omnino
1899 2403 2055 2442 videtur
2081 2405 2249 2444 incredi-

295 2468 387 2509 bile.
444 2469 544 2510 Nam
572 2471 625 2510 ita
662 2469 727 2510 illa
754 2468 874 2511 verba
901 2483 1111 2522 possumus
1151 2469 1317 2512 reddere
1344 2470 1465 2520 „alius
1503 2477 1563 2512 est
1596 2471 1696 2511 intra
1734 2484 1782 2512 ea
1818 2485 1962 2520 murus,
2000 2484 2084 2511 non
2120 2472 2246 2514 multo

296 2535 454 2588 quidem
489 2537 613 2578 altero
651 2551 763 2578 muro
796 2538 998 2586 infirmior,
1036 2538 1108 2580 sed
1143 2541 1343 2592 angustior
1375 2545 1503 2579 tamen
1530 2540 1572 2588 (i.
1598 2551 1630 2578 e.
1658 2540 1783 2578 minus
1818 2538 1895 2578 late
1933 2552 2249 2592 quaquaversum

295 2605 482 2655 patens)·'‚
512 2604 581 2643 ubi
608 2606 649 2645 id
676 2613 823 2646 tantum
853 2607 1017 2646 offendit
1044 2607 1257 2658 paululum,
1297 2607 1406 2659 quod
1433 2609 1474 2647 in
1501 2607 1619 2648 altera
1647 2607 1802 2658 periodi
1829 2614 1941 2658 parte
1968 2610 2097 2660 ipsum
2125 2613 2251 2660 τειχος

296 2672 562 2724 accipiendum
591 2680 649 2712 est
676 2687 750 2725 pro
781 2687 842 2721 eo,
881 2674 991 2725 quod
1018 2688 1130 2714 muro
1158 2675 1379 2715 includitur.
1437 2675 1561 2769 Quod
1591 2689 1662 2728 per
1690 2690 1732 2715 se
1761 2675 1922 2727 quidem
1959 2678 2055 2719 nihil
2092 2678 2247 2724 habere,

294 2741 406 2794 quod
433 2744 623 2789 miremur,
651 2755 766 2781 nemo
795 2744 927 2783 nescit.

482 2810 590 2864 Quid
606 2824 713 2859 vero,
734 2810 851 2852 audio
868 2817 1110 2864 quaerentes,
1129 2811 1225 2852 haec
1244 2811 1321 2853 sibi
1335 2812 1496 2853 volunt?
1537 2812 1649 2866 Quid
1664 2814 1811 2855 faciunt
1826 2814 1874 2855 ad
1890 2828 1969 2854 rem
1992 2821 2164 2854 nostram
2179 2828 2244 2855 ex·

294 2880 531 2931 plicandam?
566 2881 715 2931 Nempe
736 2880 975 2928 Herodotus,
1001 2883 1042 2921 ni
1056 2880 1182 2929 fallor,
1206 2884 1405 2934 antiquum
1427 2896 1559 2925 rerum
1581 2890 1721 2923 statum
1743 2884 1956 2936 descripsit,
1981 2883 2105 2934 qualis
2129 2884 2245 2924 fuerit

1891 2956 1921 2993 C
1946 2964 1965 2993 2
