2572 3423
1264 134 1323 177 ⁶20

1151 202 1438 219 mmmm

317 306 406 340 ante
434 300 680 353 Babylonem
709 311 731 337 a
758 298 883 337 Dario
913 304 1178 351 expugnatam,
1209 310 1441 350 murumque
1466 297 1647 347 deletum,
1676 297 1787 350 quod
1808 298 1952 337 factum
1975 310 2061 338 esse
2082 299 2166 350 ipse
2187 310 2277 338 nar-

316 376 377 408 rat
406 369 471 417 111,
496 369 570 407 159
598 367 656 406 his
685 365 818 406 verbis
848 363 910 415 „rei
938 370 1062 418 τεῖχος
1089 369 1250 418 περιεῒλε
1277 363 1342 408 καὶ
1369 365 1438 411 ταῖς
1458 365 1586 411 πύλαις
1607 362 1735 410 πάσαις
1756 366 1985 407 dwe‘cnnss’
2041 367 2121 406 Iam
2146 372 2278 405 utrum

319 438 509 476 exteriora
534 440 683 474 tantum
708 437 864 474 moenia
889 435 1090 475 sustulerit
1115 435 1270 483 Darius,
1299 448 1348 474 an
1373 441 1551 487 utraque,
1579 442 1709 474 utrum
1732 434 1906 474 funditus
1933 448 1979 474 ea
2006 434 2203 482 deleverit,
2227 447 2278 474 an

317 510 464 557 partem
491 503 697 555 reliquerit
725 505 924 552 intactam,
960 504 1057 543 haec
1093 506 1223 543 omnia
1258 503 1354 543 nolo
1384 502 1607 543 diiudicare.
1663 505 1763 543 Utut
1791 517 1888 543 vero
1918 516 1981 542 res
2010 516 2096 543 sese
2132 502 2278 551 habuit,

316 570 559 618 Herodotus,
595 573 669 610 nisi
696 571 799 610 forte
828 571 951 610 moles
981 571 1070 610 illae
1097 574 1296 611 restitutae
1326 578 1445 619 erant,
1480 584 1562 610 non
1598 573 1681 623 ipse
1709 570 1805 610 vidit
1834 572 2006 623 integros
2034 583 2179 618 muros,
2208 569 2280 610 sed

317 639 450 678 retulit
478 652 501 676 a
527 637 762 689 Babyloniis
790 637 865 676 sibi
894 637 1026 685 relata,
1064 651 1165 690 quae
1194 645 1261 678 aut
1294 638 1402 677 bona
1429 638 1510 677 fide
1540 645 1754 691 acceperat,
1791 644 1857 677 aut
1886 651 1974 677 cum
2010 640 2131 678 ruinis
2167 627 2278 686 muri,

318 720 401 747 non
422 713 498 745 tam
515 704 646 745 multis
667 708 776 744 annis
799 712 888 745 ante
907 705 1036 753 deleti,
1063 712 1367 759 comparaverat.
1412 705 1562 747 Contra
1584 709 1826 759 posteriores
1850 708 2074 758 scriptores,
2099 709 2182 746 sive
2205 707 2281 759 ipsi

317 774 565 825 Babylonem
593 773 781 821 viderant,
810 775 892 812 sive
921 773 1150 813 audiverant
1177 780 1325 813 tantum
1354 775 1480 826 qualis
1509 781 1611 813 esset
1639 781 1677 813 et
1697 780 1851 825 quanta,
1879 775 2022 824 prioris
2049 773 2281 825 magnitudi-

316 843 388 889 niS,
418 843 530 881 cuius
551 840 708 894 quidem
736 842 923 880 memoria
950 842 991 880 in
1010 840 1093 881 dies
1122 843 1239 894 magis
1260 841 1445 881 exciderit
1471 842 1669 881 hominum
1693 842 1838 889 animis,
1866 841 2018 880 ratione
2036 853 2119 880 non
2137 839 2280 890 habita,

319 923 365 948 ea
398 916 547 948 tantum
576 909 876 961 descripserunt,
911 921 1014 960 quae
1048 911 1224 961 ipsorum
1260 916 1439 961 tempore
1467 909 1677 956 exstabant,
1716 922 1790 948 nec
1818 910 1903 960 ipsa
1929 908 2087 961 indigna
2115 907 2279 947 admira-

318 979 437 1016 tione.
487 976 572 1016 Cur
597 978 714 1028 igitur
740 989 822 1015 non
850 989 1051 1028 ponamus,
1079 990 1231 1015 murum
1261 976 1311 1015 ab
1330 976 1406 1015 illis
1430 976 1678 1028 descriptum,
1708 983 1774 1015 aut
1801 979 1928 1029 ipsum
1957 989 2043 1015 esse
2071 975 2180 1015 illum
2208 978 2282 1015 mi·-

317 1058 456 1084 norem
485 1043 690 1091 Herodoti,
728 1051 806 1092 aut,
839 1046 874 1083 si
900 1046 934 1083 is
964 1057 1126 1096 quoque
1155 1044 1307 1083 deletus
1336 1045 1463 1092 fuerit,
1498 1044 1615 1083 alium
1643 1057 1789 1083 novum
1818 1046 1858 1083 in
1887 1044 1990 1083 illius
2020 1043 2278 1083 fundamentis

318 1104 577 1154 exstructum?
631 1111 838 1152 Diodorus
867 1112 944 1153 Sic.
965 1112 1028 1163 (11,
1053 1112 1095 1163 7)
1124 1111 1220 1152 haec
1248 1111 1365 1152 habet
1393 1112 1530 1161 „timuis
1558 1111 1596 1154 δὲ
1624 1111 1790 1158 πλίνθους
1818 1111 1864 1157 εἷς
1892 1108 2094 1167 ἄσφαλτον
2130 1110 2282 1159 ἐνδησα-

319 1181 406 1235 μένη
437 1181 577 1231 (εοίΙ.ἡ
602 1179 829 1233 Σεμίραμις)
856 1183 981 1233 τεῖχος
1008 1178 1261 1221 κατεσκεύασε
1288 1179 1329 1221 τδ
1356 1179 1423 1234 μὲν
1451 1180 1561 1235 ὕψος,
1589 1183 1635 1226 ὡς
1662 1179 1731 1235 μὲν
1745 1180 1907 1227 Κτησίας
1936 1181 2039 1236 φησί,
2065 1179 2283 1227 πεντήκοντα.

322 1249 486 1303 ὀργυιῶν,
514 1251 563 1293 ὡς
580 1247 697 1290 δ’ἔνιοι
721 1249 789 1290 τῶν
811 1248 978 1303 νεωτέρων
995 1247 1181 1302 ἔγραψαν,
1202 1249 1334 1299 πηχῶν
1358 1246 1574 1295 πεντήκοντα.
1594 1266 1628 1289 κ.
1642 1266 1674 1290 τ.
1690 1250 1763 1298 λ.,”
1791 1250 1871 1297 ubi,
1900 1252 1933 1289 si
1949 1249 2168 1289 verisimilia
2188 1262 2281 1302 pro-

321 1321 527 1372 posuimus
559 1341 608 1348 —
639 1324 678 1357 et
712 1319 752 1357 in
789 1323 896 1357 tanta
929 1323 1123 1357 vetustate
1159 1317 1256 1370 quid
1290 1317 1392 1357 ultra
1427 1319 1669 1370 requiramus
1700 1342 1750 1349 —
1782 1318 1902 1358 altera
1937 1332 1999 1358 res
2037 1330 2124 1358 cum
2161 1317 2282 1357 altera

321 1387 487 1425 confusa
514 1384 678 1423 videtur.
737 1384 895 1423 Ctesiae
925 1387 1026 1423 enim
1053 1397 1249 1432 numerus,
1287 1385 1463 1438 neglecta
1492 1385 1650 1437 quidem
1679 1385 1900 1425 diversitate
1929 1386 2163 1436 cubitorum,
2193 1401 2281 1427 cum

319 1453 515 1493 Herodoti
539 1464 721 1491 mensura
744 1454 944 1497 convenit3
975 1466 1063 1490 cum
1082 1465 1247 1492 numero
1268 1455 1530 1492 recentiorum
1550 1455 1594 1500 is,
1622 1466 1738 1504 quem
1761 1454 1905 1493 Strabo
1930 1454 2094 1493 exhibet.
2140 1456 2282 1493 Hacte-

319 1535 394 1562 nus
424 1521 474 1561 de
511 1519 713 1560 altitudine
740 1533 955 1559 murorum.
1010 1519 1075 1560 Ad
1103 1519 1288 1560 ambitum
1323 1520 1434 1573 quod
1463 1522 1607 1568 attinet,
1642 1523 1779 1560 mirum
1808 1534 1901 1560 sane
1928 1522 2042 1570 soret,
2079 1525 2112 1562 si
2140 1522 2281 1575 Baby-

320 1590 429 1638 lonii,
465 1602 554 1628 cum
582 1602 735 1628 murum
765 1594 1018 1636 exstruerent,
1054 1587 1293 1627 altitudinem
1323 1595 1362 1628 et
1397 1588 1638 1628 latitudinem
1668 1588 1810 1629 cubitis
1838 1591 1964 1642 regiiS,
2001 1589 2282 1642 longitudinem

322 1657 455 1697 stadiis
485 1658 631 1695 emensi
667 1663 806 1704 essent,
842 1658 942 1695 inter
977 1669 1074 1708 quas
1103 1669 1304 1695 mensuras
1332 1669 1415 1696 non
1443 1663 1501 1695 est
1531 1669 1633 1708 quae
1661 1657 1822 1710 simplex
1852 1664 1889 1696 et
1917 1657 2040 1697 facilis
2068 1657 2283 1697 intercedat

320 1728 440 1771 ratim
483 1738 598 1776 quam
636 1724 691 1764 ob
726 1737 807 1763 rem
844 1731 882 1764 et
909 1723 1106 1764 Herodoti
1139 1737 1354 1773 numerum,
1392 1723 1473 1764 480
1499 1724 1633 1773 stadia,
1669 1738 1770 1776 quae
1799 1732 1888 1765 sunt
1915 1726 1997 1765 fere
2031 1728 2078 1764 12
2108 1725 2284 1765 milliaria

322 1793 591 1846 geographica,
621 1799 659 1832 et
686 1792 942 1844 reliquorum,
972 1794 1040 1844 qui
1068 1794 1218 1831 variant
1246 1794 1346 1832 inter
1373 1805 1558 1832 numeros
1593 1793 1684 1841 360,
1713 1794 1806 1841 365,
1835 1794 1928 1842 368,
1956 1795 2037 1834 385
2058 1793 2283 1842 stadiorum,

323 1875 459 1902 omnes
489 1862 755 1900 aestimatione
784 1867 932 1900 tantum
961 1867 1208 1913 computatos
1238 1874 1324 1899 esse
1354 1863 1542 1899 existimo.

512 1929 557 1968 In
586 1927 760 1968 eiusdem
788 1928 897 1968 urbis
916 1928 1182 1980 descriptione
1212 1930 1383 1967 occurrit
1413 1929 1474 1977 (11,
1496 1929 1593 1979 183)
1622 1926 1789 1981 ,,α’,νὸριαῖς
1818 1928 1983 1972 δυώδεκα
2010 1929 2159 1981 πηχέων
2186 1928 2285 1982 χρύ-

324 2012 404 2041 σεος
431 1993 599 2051 στερεός,”
630 2008 758 2049 quem,
787 2009 874 2036 cum
902 1998 976 2036 iam
1007 2002 1120 2036 antea
1148 2008 1171 2035 a
1198 1996 1326 2035 Xerxe
1354 1994 1532 2035 sublatus
1561 1996 1688 2046 fuerit,
1717 2010 1760 2037 se
1787 1996 1931 2037 vidisse
1958 2005 2071 2051 negat
2100 1997 2284 2039 Herodo-

323 2073 398 2105 tus.
457 2065 553 2116 Quo
582 2065 675 2103 loco
704 2071 834 2103 utrum
863 2064 1054 2103 indicetur
1078 2063 1300 2102 cubitorum
1329 2076 1449 2115 genus
1478 2077 1565 2102 cum
1596 2066 1755 2103 omnino
1784 2072 1951 2117 nequeat
1980 2065 2149 2114 decerni,
2179 2066 2282 2106 addo

321 2141 481 2181 tantum,
516 2136 565 2172 12
587 2132 742 2171 cubitos
761 2135 891 2184 regios
911 2145 997 2171 esse
1025 2150 1068 2167 =
1097 2132 1215 2179 20‚24
1236 2131 1324 2183 ped.
1338 2132 1462 2170 Rhen.
1495 2155 1543 2162 —
1575 2133 1637 2171 De
1665 2133 1759 2171 loco
1776 2134 1969 2181 V11,117,
1999 2148 2080 2186 quo
2109 2138 2283 2174 eximiam

322 2202 465 2242 Persae
495 2200 698 2241 cuiusdam
725 2199 1027 2255 magnitudinem
1057 2198 1128 2254 (4⁵3
1145 2198 1368 2240 cubitorum
1396 2202 1612 2253 regiorum)
1641 2199 1837 2250 describit,
1873 2215 1991 2255 supra
2020 2202 2108 2251 dixi,
2136 2202 2206 2243 uhi
2235 2203 2284 2243 de

326 2269 445 2322 digito
476 2269 672 2322 agebatur.

515 2338 561 2374 In
589 2338 784 2384 omnibus,
820 2349 922 2388 quae
949 2342 1151 2387 praeterea
1185 2335 1299 2374 huius
1334 2349 1539 2375 mensurae
1568 2343 1717 2375 exstant
1752 2336 1857 2389 apud
1893 2344 2071 2376 nostrum
2108 2338 2285 2389 exempla

324 2404 450 2444 verbo
481 2403 610 2455 πῆχυς
636 2403 732 2443 nihil
761 2403 933 2443 additum
962 2410 1031 2451 est,
1060 2403 1175 2452 unde,
1205 2411 1334 2443 utrum
1364 2404 1586 2444 cubitorum
1614 2419 1736 2457 genus
1754 2404 1964 2443 indicatum
1992 2407 2051 2452 sit,
2081 2405 2284 2444 discamus.

324 2472 404 2514 Sed
441 2472 571 2513 multis
601 2473 729 2512 causis
768 2485 818 2512 eo
849 2470 1087 2520 adducimur,
1126 2478 1170 2511 ut
1199 2471 1372 2512 cubitum
1402 2486 1501 2521 eum,
1531 2487 1612 2525 quo
1642 2475 1704 2513 usi
1739 2475 1815 2512 sint
1843 2479 1995 2512 veteres
2023 2474 2208 2525 Aegyptii
2235 2474 2285 2513 ad

325 2540 609 2580 observandam
638 2540 720 2580 Nili
754 2541 965 2580 crescentis
1002 2538 1254 2588 altitudinem,
1282 2541 1467 2580 maiorem
1504 2540 1624 2580 fuisse
1655 2538 1885 2580 arbitremur
1914 2540 1980 2590 (cs.
1997 2540 2170 2582 Boeckh.
2200 2542 2284 2583 Me-

325 2610 415 2648 trol.
430 2610 584 2648 Unters.
605 2625 643 2662 p.
660 2611 739 2653 227
760 2614 900 2663 seqq).
956 2608 1155 2648 Herodoti
1182 2608 1263 2648 duo
1293 2608 1371 2648 huc
1399 2612 1558 2648 attinent
1587 2610 1675 2649 loci.
1732 2609 1863 2649 Primo
1892 2610 1957 2660 (11,
1980 2611 2048 2661 13)
2076 2611 2194 2651 refert
2223 2625 2285 2651 sa-

325 2677 509 2717 cerdotes
534 2677 614 2715 sibi
640 2691 817 2717 narrasse
853 2681 923 2726 »ὡς
951 2676 1008 2718 ἐπὶ
1036 2676 1176 2730 Μοίριος
1203 2676 1391 2726 βατιλέος,
1426 2677 1520 2722 &nm
1553 2677 1648 2719 ἔλθοι
1678 2680 1693 2719 ὁ
1731 2676 1901 2730 verapacis
1934 2678 1985 2718 ἐπ’
2017 2679 2109 2720 ὀκτώ
2136 2679 2287 2731 πήχεως

324 2744 364 2788 ‘td
399 2743 615 2798 ε’λαῖχιστον,
655 2739 807 2798 ἔρδεσκε
840 2744 1022 2800 Αἴγυπτον
1065 2744 1125 2793 τὴν
1163 2745 1271 2799 ἔνερθε
1305 2746 1522 2801 ΜέμφιοςΜ
1580 2746 1662 2799 Qui
1699 2761 1766 2787 rex
1807 2760 2040 2800 quamquam
2076 2762 2158 2788 non
2196 2749 2286 2800 plus

325 2816 531 2867 nongentis
561 2815 671 2853 annis
706 2819 794 2852 ante
822 2827 931 2852 suam
960 2821 1121 2854 aetatem
1150 2820 1327 2854 mortuus
1357 2817 1425 2864 sit,'
1452 2822 1580 2855 tamen
1609 2810 1670 2864 ,va
1692 2813 1759 2868 μὴ,
1787 2817 1923 2868 inquit,
1960 2815 2010 2856 ἐπ’
2044 2815 2239 2858 ἑκκαίδεκα
2267 2801 2290 2861 ἦ(

326 2882 582 2924 πεντεκαίδεκα,
609 2879 761 2933 πήχεας
789 2882 912 2937 ἀναβῇ
940 2879 979 2922 τδ
995 2880 1196 2933 ἐλάχιστον
1225 2885 1241 2922 ὁ
1267 2880 1444 2934 ποταμός,
1475 2884 1540 2923 οὐκ
1565 2882 1773 2936 ὑπερβαίνει
1804 2883 1836 2926 ἐς
1864 2882 1923 2928 τὴν
1951 2882 2105 2935 χώρην.”
2148 2883 2285 2923 Altero
