2572 3423
1263 108 1322 152 30

1146 177 1435 193 mm

311 280 380 327 qui
412 283 609 328 praeterea
639 276 792 322 (Descr.
820 272 870 312 de
899 263 995 325 l'Eg.
1010 272 1062 320 V,
1085 284 1122 324 p.
1136 270 1216 311 642
1246 274 1285 311 in
1313 276 1426 323 nota)
1456 271 1560 320 dicit,
1589 278 1702 311 antea
1733 272 1972 313 altitudinem
2002 275 2123 313 totius
2152 287 2270 327 pyra-

311 345 424 385 midis
458 343 570 390 138,7
600 342 709 381 metr.
740 341 885 395 gallicis
916 354 940 381 a
968 353 1055 381 sese
1083 339 1282 380 definitam
1310 340 1443 380 fuisse.

498 411 542 452 In
577 410 636 451 his
674 409 857 451 omnibus
891 409 932 451 id
968 409 1095 451 solum
1124 409 1298 458 offendit,
1335 409 1445 462 quod
1473 410 1589 450 huius
1619 409 1831 463 pyramidis
1860 424 2075 460 mensurae,
2110 413 2183 451 nisi
2213 414 2271 450 in-

310 481 421 520 cluso
455 479 711 520 fundamento
753 478 802 519 ad
836 485 983 519 tantam
1018 478 1296 532 simplicitatem
1333 480 1528 518 rationum
1565 491 1645 519 non
1680 486 1846 533 possunt
1878 479 2010 533 redigi.
2067 479 2271 533 Equidem,

309 563 546 601 quamquam
580 562 721 588 vereor
755 561 805 587 ne
839 547 1026 586 audacior
1052 548 1251 586 nonnullis
1279 547 1425 595 videar,
1462 559 1543 586 non
1572 560 1685 601 nego,
1720 561 1782 587 me
1810 546 1875 586 illa
1904 561 1947 587 re
1977 561 2057 587 non
2085 548 2271 588 deterreri

311 625 529 671 propterea,
567 619 659 669 quia
687 615 941 668 francogalli,
977 615 1088 667 quod
1124 618 1164 655 in
1200 615 1462 668 descriptione
1498 617 1615 656 huius
1644 615 1857 668 pyramidis
1885 617 2088 657 Iomardus
2117 617 2269 656 disertis

312 686 441 725 verbis
472 684 575 732 dicit,
614 687 855 732 invenerunt,
891 683 965 722 sub
995 683 1061 722 illa
1089 690 1211 735 parte,
1247 696 1364 736 quam
1393 683 1540 732 ‚stoc-ld'
1572 684 1778 737 appellant,
1807 684 1934 737 (quod
1956 685 2163 738 hucusque
2186 685 2270 724 fun-

312 754 533 794 damentum
569 753 750 803 diximus)
789 751 895 792 aliud
931 751 1096 792 subesse
1131 752 1397 792 substructum
1434 752 1725 792 fundamentum
1755 753 2131 804 („soubassement'')
2161 753 2270 805 quod

310 825 349 861 in
386 821 623 861 dimetiendo
664 833 817 873 semper
845 819 1068 860 habuerunt
1098 833 1119 859 a
1147 833 1190 860 re
1219 820 1399 861 alienum.
1455 821 1591 874 Itaque
1620 820 1719 860 illud
1748 820 1857 874 quod
1882 827 1998 860 antea
2026 820 2103 860 dixi
2132 820 2270 860 sunda-

311 897 482 927 mentum
513 889 566 936 (le
596 888 718 939 socle)
757 891 879 942 ipsius
908 888 1122 941 pyramidis
1150 890 1321 941 integrae
1350 896 1498 941 partem
1527 901 1614 928 esse
1641 895 1748 928 recte
1776 888 2047 929 iudicaverunt
2075 890 2268 943 Aegyptii.

315 960 423 998 lianc
447 966 593 1009 partem
614 957 762 997 verbis:
783 956 863 1005 „niv
877 959 1011 1010 πρῶτον
1026 954 1157 1008 &cipi-affl
1177 957 1406 996 Herodotus
1426 960 1510 997 sine
1530 957 1653 996 dubio
1676 957 1870 996 indicavit.
1913 959 1962 996 Et
1983 957 2080 1010 quid
2099 958 2270 1009 impedit,

311 1040 392 1078 quo
428 1029 555 1066 minus
582 1039 784 1078 ponamus,
824 1027 865 1065 in
900 1024 1136 1065 exstruendo
1164 1023 1418 1065 fundamento
1447 1025 1613 1077 opifices
1642 1024 1805 1065 eandem
1834 1026 1958 1079 legem
1986 1033 2144 1066 secutos
2174 1040 2270 1073 esse,

311 1108 412 1147 quae
442 1096 481 1133 in
509 1100 595 1133 toto
625 1107 746 1146 opere
774 1093 1002 1142 obtinuerit,
1029 1095 1083 1133 ita
1111 1093 1279 1146 quidem,
1316 1100 1359 1134 ut
1387 1093 1630 1134 altitudinem
1658 1093 1912 1135 fundamento
1941 1093 2084 1135 darentv
2107 1092 2131 1134 4
2160 1093 2270 1134 cubi·

310 1173 451 1208 torum,
487 1166 523 1201 ei
551 1177 647 1202 vero
677 1166 786 1214 parti,
822 1177 925 1214 quae
955 1154 1129 1213 undique
1167 1169 1255 1200 ante
1286 1170 1490 1201 extremam
1517 1163 1623 1201 basis
1653 1164 1792 1201 lineam
1822 1165 2068 1213 promineret,
2104 1164 2130 1202 3
2162 1163 2270 1201 cubi«

312 1240 442 1271 torum
476 1229 730 1270 latitudinem.
786 1230 854 1270 Sic
883 1232 984 1269 enim
1019 1230 1161 1281 reliqui
1189 1230 1356 1272 Iomardi
1384 1233 1536 1269 numeri
1574 1245 1662 1270 cum
1698 1233 1840 1270 nostris
1875 1231 2091 1270 rationibus
2128 1233 2271 1281 optime

315 1300 562 1338 conveniunt.
624 1298 801 1336 Fuerunt
838 1299 951 1346 enim,
987 1299 1019 1337 si
1055 1297 1096 1337 id
1133 1299 1355 1350 accipimus,
1392 1297 1649 1351 cubitumque
1684 1311 1864 1351 graecum
1894 1301 1961 1347 (=
1988 1297 2136 1346 0‚4624
2166 1299 2273 1338 metr.

312 1368 417 1416 gall.)
447 1367 723 1416 supponimus:

365 1468 467 1505 latus
492 1465 733 1504 fundamenti
750 1496 959 1503 ...................
990 1483 1034 1499 =
1063 1465 1144 1504 450
1167 1466 1255 1504 cub.
1277 1479 1330 1519 gr.
1360 1483 1404 1500 =
1432 1465 1595 1513 663‚02'
1614 1465 1739 1504 Rlien.
1768 1483 1811 1500 =
1840 1468 1988 1514 208‚09
2009 1467 2117 1505 metr.
2139 1466 2224 1519 gall.

366 1534 533 1574 altitudo
556 1533 795 1573 fundamenti
818 1566 960 1573 .............
991 1552 1035 1569 =
1120 1533 1142 1572 4
1203 1560 1219 1564 -
1285 1559 1302 1565 -
1359 1553 1403 1569 =
1489 1535 1580 1581 5‚89
1665 1560 1680 1564 -
1765 1553 1809 1569 =
1897 1536 1984 1580 1,85
2050 1559 2066 1565 -

367 1601 532 1642 latitudo
559 1603 679 1654 partis
708 1613 851 1653 praem.
874 1634 958 1641 ........
989 1619 1033 1636 =
1116 1602 1141 1641 3
1201 1627 1216 1632 -
1286 1627 1302 1633 -
1358 1620 1402 1638 =
1487 1600 1578 1650 4,42
1664 1627 1679 1633 -
1765 1620 1808 1637 =
1895 1603 1983 1649 139
2050 1626 2065 1632 -

367 1672 468 1708 latus
491 1670 596 1708 basis
620 1668 834 1720 pyramidis
852 1700 958 1707 ..........
988 1686 1031 1703 =
1062 1668 1141 1707 444
1200 1693 1215 1698 -
1286 1694 1302 1699 -
1358 1687 1402 1704 =
1432 1669 1578 1717 654‚⁴18
1666 1694 1681 1699 -
1765 1688 1807 1703 =
1837 1669 1983 1716 205,36
2049 1693 2064 1699 ·

367 1736 534 1777 altitudo
549 1734 733 1777 normalis
748 1736 961 1790 pyramidis
990 1755 1034 1772 =
1062 1737 1143 1778 296
1201 1762 1217 1767 -
1286 1762 1302 1768 -
1359 1756 1402 1772 =
1433 1736 1579 1786 436‚12
1665 1763 1680 1769 -
1765 1757 1808 1773 ==
1840 1737 1983 1785 136,88
2049 1762 2065 1767 -

367 1806 532 1846 altitudo
555 1806 737 1858 trianguli
757 1805 960 1858 obliqui
989 1825 1034 1842 =
1062 1807 1143 1849 370
1200 1831 1215 1836 -
1285 1831 1301 1836 -
1358 1825 1401 1841 =
1432 1805 1577 1853 545‚15
1666 1832 1679 1836 -
1764 1825 1807 1841 =
1840 1806 1984 1854 171‚1o
2048 1831 2065 1836 -

315 1915 418 1950 liene
446 1910 674 1957 notandum,
703 1923 788 1949 esse
816 1913 968 1951 numeri
998 1910 1078 1950 444
1108 1910 1304 1950 dimidiam
1333 1917 1491 1963 partem,
1521 1912 1603 1949 sive
1633 1913 1715 1949 222
1744 1929 1787 1945 ==
1817 1912 1841 1950 3
1858 1941 1865 1949 .
1882 1911 2033 1955 75--3
2061 1928 2105 1945 =
2132 1909 2272 1956 3.74;

312 1994 515 2019 numerum
545 1980 625 2019 296
655 1997 698 2014 =
727 1979 942 2021 4.75-4
971 1998 1016 2014 =
1045 1978 1069 2019 4
1087 1979 1183 2024 .74;
1212 1992 1417 2018 numerum
1446 1979 1527 2021 370
1555 1997 1596 2013 ==
1629 1979 1842 2021 5.75-5
1870 1997 1914 2012 -—--·
1944 1978 2072 2021 5.74.
2128 1980 2271 2017 Iomar-

311 2048 385 2087 dus
416 2048 526 2086 lateri
553 2045 659 2085 basis
688 2044 873 2086 adscribit
902 2045 1022 2095 204‚9
1036 2046 1144 2085 metr.
1160 2044 1247 2099 gall.
1276 2044 1467 2085 altitudini
1495 2044 1669 2093 normali,
1701 2044 1859 2086 excluso
1888 2045 2152 2095 fundamento,
2182 2048 2271 2086 circ.

315 2118 390 2155 136
409 2118 516 2156 metr.
537 2118 662 2164 (nunc
681 2115 838 2167 quidem
866 2117 952 2163 135,
982 2128 1071 2154 cum
1098 2128 1246 2153 summa
1275 2114 1489 2167 pyramidis
1509 2128 1599 2166 pars
1620 2114 1747 2153 deleta
1775 2116 1843 2166 sit)
1872 2114 2063 2155 altitudini
2091 2115 2271 2168 trianguli

311 2184 463 2236 obliqui
482 2184 725 2235 (apotheme)
745 2184 859 2231 171‚5
873 2184 981 2222 metr.
990 2183 1077 2235 gall.
1095 2206 1144 2214 —
1178 2182 1260 2234 Qui
1273 2185 1426 2223 numeri
1441 2196 1577 2222 omnes
1590 2184 1681 2222 satis
1697 2196 1820 2234 prope
1833 2182 1882 2222 ad
1896 2190 2053 2223 nostros
2067 2183 2268 2223 accedunt.

500 2251 674 2290 Uberius
710 2251 809 2290 hanc
842 2264 924 2289 rem
961 2252 1133 2297 tractavi,
1169 2252 1262 2303 quia
1290 2250 1507 2298 Boeckhio,
1545 2249 1615 2290 ubi
1650 2250 1693 2300 (L
1708 2250 1733 2290 l.
1762 2265 1799 2303 p.
1811 2252 1910 2301 235)
1948 2250 1997 2291 de
2027 2251 2269 2303 Chephrenis

314 2318 516 2372 pyramide
555 2320 731 2370 loquitur
759 2318 998 2365 brevissime,
1034 2317 1139 2357 haud
1167 2317 1345 2370 displicet
1374 2321 1458 2358 eius
1487 2332 1688 2358 mensuras
1717 2321 1855 2359 maiori
1882 2318 2019 2359 cubito
2050 2332 2269 2359 accommo-

312 2389 415 2427 dare.
480 2386 603 2437 Quod
640 2386 730 2425 mihi
766 2399 846 2425 non
880 2389 1007 2425 minus
1043 2394 1196 2437 praeter
1224 2386 1344 2425 sulem
1371 2386 1527 2425 videtur
1556 2400 1653 2434 esse,
1692 2401 1809 2439 quam
1838 2401 1974 2438 magna
2003 2401 2093 2439 pars
2123 2401 2270 2434 eorum,

312 2470 413 2507 quae
443 2454 598 2505 (Descr.
628 2453 678 2494 de
707 2444 802 2506 I’Eg.
831 2453 918 2501 vn,
948 2453 1096 2505 p.429)
1124 2454 1327 2494 Iomardus
1356 2454 1458 2501 dixit,
1495 2461 1540 2493 ut
1569 2454 1855 2505 comprobaret,
1885 2469 1930 2493 ex
1959 2455 2063 2493 illius
2091 2456 2268 2508 trianguli

313 2526 496 2577 Aegyptii
533 2522 749 2563 rationibus
785 2524 970 2563 maximae
1007 2522 1221 2576 pyramidis
1256 2536 1456 2562 mensuras
1492 2536 1626 2562 omnes
1661 2522 1782 2563 fuisse
1811 2522 2012 2563 derivatas.
2069 2523 2113 2564 ld
2142 2531 2269 2564 autem

313 2607 448 2631 verum
469 2605 555 2630 esse
584 2592 728 2639 iudico,
759 2605 805 2631 ex
829 2593 1037 2642 utriusque
1067 2593 1198 2643 operis
1228 2593 1419 2630 mensuris
1448 2603 1701 2629 numerorum
1725 2603 1841 2642 quam
1870 2594 2029 2631 maxime
2050 2599 2270 2631 exactorum

312 2660 485 2699 studium
513 2659 716 2698 manifesto
746 2660 913 2699 elucere.

500 2727 578 2766 Iam
614 2738 709 2764 vero
741 2726 789 2765 ad
818 2727 1006 2767 Herodoti
1035 2727 1156 2767 verba
1190 2727 1323 2775 redeo,
1359 2741 1460 2780 quae
1496 2740 1600 2767 nunc
1629 2726 1785 2779 quidem
1820 2739 1901 2767 non
1930 2727 2067 2767 dubito
2103 2731 2155 2767 ita
2183 2740 2269 2765 ver·

312 2806 409 2834 tere:
442 2797 677 2847 „Postquam
707 2793 954 2846 (Chephren)
983 2799 1141 2847 primam
1172 2796 1328 2834 domum
1359 2798 1400 2845 (i.
1420 2809 1452 2834 e.
1472 2795 1781 2846 fundamentum)
1812 2809 1856 2835 ex
1883 2796 2013 2848 lapide
2039 2795 2269 2846 Aethiopico

313 2865 550 2903 versicolore
581 2864 796 2903 confectam
827 2863 1047 2911 substruxit,
1064 2867 1138 2911 ⁷(in
1168 2868 1235 2914 eo)
1265 2864 1516 2915 pyramidem,
1556 2864 1808 2915 quadraginta
1836 2865 1958 2915 pedes
1987 2865 2086 2904 'iufra
2114 2864 2270 2901 alterius
