2572 3423
1275 170 1331 214 13

1156 238 1443 256 mmmm

324 336 400 377 hus
429 339 481 377 ita
509 335 608 386 „atu-r>
637 335 675 378 δὲ
697 336 859 391 φοιλλῶν
888 332 999 378 ἄλλοι
1028 335 1108 389 σ-φί
1130 334 1203 376 ἐστι
1232 333 1448 391 ἐξευρημένα.
1475 334 1555 376 ’ὅσον
1582 353 1621 377 τε
1640 340 1818 388 πηχυαῖοι
1838 335 2061 390 οἰγοίλμοιτοι
2081 335 2278 389 νευρόσπω-

325 408 429 454 στα,”,
460 409 523 445 cui
549 409 606 444 rei
635 406 755 444 simile
784 413 852 453 est,
883 405 993 457 quod
1020 406 1065 453 11,
1089 406 1140 447 78
1170 405 1288 443 refert
1316 404 1366 443 de
1393 404 1530 443 iisdem
1552 406 1756 458 Aegyptiis
1785 403 1916 453 ,,ε’πεαῖν
1945 404 2019 446 aar&
2046 405 2186 447 δείπνου
2216 404 2279 458 γε’-

325 492 459 522 νωντοιι,
488 472 665 528 περιφέρει
696 472 779 528 οἱννῖρ
809 471 922 526 νεκρόν
952 473 985 515 ἐν
1014 472 1118 527 σοροιῗ
1144 470 1283 529 ξόλινον
1312 471 1556 524 πεποιημένον,
1695 472 1858 526 μέγαθος
1887 473 1967 513 ’ὅσον
1995 492 2033 514 τε
2061 474 2178 530 ποίντῃ
2207 492 2277 519 πη-

322 544 460 595 χυαῖον
487 536 509 588 ἦ
537 541 731 593 ὃι’πηχυν”.
787 541 868 582 Ubi
895 541 945 581 de
973 540 1101 594 byblo
1128 541 1303 595 loquitur
1332 541 1394 591 (ΙΙ,
1419 543 1501 594 92),
1538 543 1577 581 in
1605 543 1755 581 incerto
1775 541 1969 596 relinquit,
1998 544 2152 595 quinam
2179 556 2274 582 usus

322 612 438 651 fuerit
465 614 546 651 istis
575 611 796 650 hominibus
826 613 1072 662 superiorum
1101 611 1203 649 illius
1231 611 1387 663 plantae
1415 613 1593 663 partium,
1621 611 1684 658 „rei
1711 610 1749 650 δὲ
1776 609 1878 652 κοίτω
1906 613 2159 664 λελειμμένον,
2187 625 2274 663 per-

323 683 393 733 git,
430 679 511 721 ’ὄσ-ον
545 696 584 720 τε
612 677 668 720 ἐπὶ
696 680 822 730 πῆχυν
850 676 1027 731 τρώγουσι
1054 676 1117 720 καὶ
1146 679 1359 720 πωλέων-θ’.
1425 679 1548 719 Simili
1575 679 1696 719 modo
1726 680 1794 728 (Π,
1821 681 1893 731 96)
1927 682 2169 732 navigiorum
2198 681 2275 718 Ae-

323 749 547 801 gyptiorum
575 755 807 787 structuram
836 745 1060 794 describit,
1063 747 1114 794 ,ἐκ
1142 743 1276 791 ταύτης
1304 764 1349 786 ων
1384 747 1445 792 τῆς
1483 745 1637 792 οἰκοινθης
1672 746 1880 800 κοψαμενοι
1908 747 2057 802 ξύλα,
2041 765 2119 788 οσον
2147 764 2186 787 τε
2223 745 2276 787 ‹51-

322 814 453 867 πήχεοι
486 814 654 860 πλινθηὸο
637 833 670 854 νν
706 814 912 855 συντιθεΐσι”
914 846 923 863 ,
963 821 1001 854 et
1037 826 1130 855 mox
1166 831 1238 863 „rot
1273 812 1438 867 διπήχεα,
1473 813 1596 870 ξύλοι”
1634 817 1772 855 iterum
1811 822 2171 856 commemorantur.
2217 838 2266 845 —

320 886 363 924 In
383 887 517 925 Xerxis
537 887 718 932 exercitu,
748 886 862 938 (Ῑιιᾲιη
880 883 983 923 libro
1004 886 1169 936 septimo
1191 883 1421 923 Herodotus
1441 883 1637 933 describit,
1658 884 1814 923 suerunt
1833 886 2049 937 Aethiopes
2069 885 2172 934 (Vll,
2189 885 2271 934 69),

322 956 389 1007 qui
418 952 532 1008 ,,το’ξα,
561 985 570 994 .
590 986 598 994 .
630 953 670 994 ἐκ
699 952 854 1008 φοινικος
882 951 1022 998 σπάθης
1050 952 1282 1004 πεποιημένα,
1310 951 1456 1006 μικροί,
1484 952 1740 1006 τετραπηχέων
1770 954 1835 994 οὐκ
1864 952 2023 994 ἑλοίατο-ω’
2024 951 2274 1006 ’ge,stabant

319 1025 342 1061 i.
359 1036 390 1062 e.
411 1036 523 1061 arcus
552 1023 707 1061 humani
736 1024 913 1073 corporis
933 1021 1091 1061 modum
1112 1022 1352 1075 longitudine
1372 1023 1454 1061 fere
1474 1022 1715 1061 excedentes.
1765 1022 1987 1076 Supersunt
2005 1022 2095 1070 loci,
2126 1020 2270 1074 quibus

321 1092 370 1130 de
406 1091 632 1131 animalium⁴
658 1090 903 1143 quorundam
938 1090 1199 1143 magnitudine
1234 1093 1320 1143 agit,
1356 1098 1399 1129 ut
1428 1090 1620 1130 crocodili
1648 1092 1831 1143 Aegyptii
1861 1091 2070 1140 (Nilotici),
2109 1090 2159 1129 de
2188 1102 2270 1141 quo

319 1160 381 1209 (Π,
406 1161 476 1211 68)
504 1159 601 1197 haec
629 1158 720 1198 dicit
748 1157 1013 1213 ,,α,ὐξοινο’μενος
1041 1158 1079 1198 δὲ
1113 1151 1247 1210 ’γίνεται
1283 1155 1348 1199 καὶ
1382 1158 1416 1201 ἒς
1445 1157 1692 1200 ἑπτακαίδεκα
1719 1155 1868 1209 πῆχεοις
1895 1155 1959 1199 κα.)
1984 1158 2104 1212 μέζων
2132 1157 2218 1204 ἔτι”;
2248 1171 2272 1196 a

318 1230 480 1266 veritate
508 1228 606 1265 hanc
633 1240 850 1265 mensuram
878 1240 959 1265 non
988 1226 1199 1273 discedere,
1229 1232 1267 1264 et
1294 1228 1533 1265 recentiores
1563 1226 1631 1275 (de
1660 1226 1803 1278 quibus
1834 1227 2013 1265 conferas
2042 1228 2270 1278 interpretes

320 1295 369 1335 ad
389 1296 423 1334 h.
444 1295 486 1345 1.)
516 1302 554 1334 et
581 1301 732 1334 veteres
760 1301 958 1343 testantur,
988 1308 1034 1334 ex
1055 1293 1198 1346 quibus
1214 1294 1417 1334 Aelianum
1445 1294 1579 1343 laudo,
1610 1297 1678 1348 qui
1697 1295 1812 1345 (Hist.
1828 1296 1952 1335 Anim.
1972 1295 2092 1342 XVII,
2114 1295 2156 1343 6)
2176 1294 2271 1332 haec

318 1363 435 1403 habet
461 1360 542 1412 »ἐπὶ
570 1362 658 1415 γοῦν
686 1361 937 1416 Ψαμμιτῖχου
973 1362 1037 1402 τοῦ
1064 1361 1270 1415 Αἰγυπτίων
1297 1362 1484 1410 βασιλέως
1516 1361 1617 1404 πέντε
1651 1361 1714 1404 κοιὶ
1742 1361 1849 1404 εἴκοσι
1884 1364 2015 1415 πηχῶν
2049 1359 2272 1416 κροκόδειλον

320 1430 485 1486 φοινῆνοιῖ
508 1438 633 1485 φησιν·
668 1429 725 1471 ε’πὶ
760 1430 798 1471 δὲ
823 1430 1026 1483 ’Apio-18⁰5
1059 1432 1277 1472 ποιλοιιστῶν
1303 1430 1479 1485 τεττοίρων
1511 1430 1575 1473 καὶ
1607 1432 1739 1482 πηχῶν
1768 1429 1808 1485 ἕξ
1836 1429 1899 1472 κοιὶ
1926 1428 2071 1477 εἴκοσι”,
2108 1439 2146 1470 et
2179 1444 2268 1470 mox

319 1501 458 1541 eodem
479 1503 603 1553 capite
626 1500 675 1540 de
698 1499 907 1540 crocodilis
926 1499 1088 1553 Libycis
1117 1500 1303 1552 loquitur,
1333 1503 1402 1552 qui
1420 1503 1626 1541 Amometo
1655 1507 1754 1540 teste
1783 1500 1950 1540 sedecim
1976 1500 2130 1539 cubitos
2159 1500 2265 1551 longi

317 1571 469 1610 fuerint.
525 1569 625 1609 Sunt
653 1575 779 1608 antem
813 1570 860 1612 17
882 1567 1019 1619 πήχεες
1046 1587 1089 1603 =
1118 1570 1270 1608 circiter
1290 1571 1339 1608 25
1361 1568 1529 1622 pedibus
1544 1569 1667 1609 Rhen.
1698 1593 1747 1600 —
1778 1568 1897 1609 Aliud
1926 1568 2064 1609 animal
2092 1567 2264 1608 eiusdem

317 1642 482 1678 nominis
511 1641 610 1677 inter
637 1652 684 1677 ea
710 1639 829 1677 refert
854 1637 1093 1686 Herodotus,
1123 1651 1224 1690 quae
1253 1638 1358 1690 apud
1379 1638 1528 1690 Libyes
1556 1638 1754 1678 Nomades
1782 1641 2024 1690 reperiantur
2051 1639 2136 1687 (IV,
2156 1639 2264 1688 192),

317 1708 375 1746 his
408 1707 539 1747 verbis
574 1704 661 1755 „xa-l
696 1704 912 1758 κροκόδειλοι
946 1705 1027 1746 ’ὅσ-ον
1067 1723 1106 1746 τε
1139 1704 1330 1758 τριπήχεες
1363 1706 1564 1758 χερσαῒοι”.
1621 1706 1767 1746 Ovium
1802 1706 1971 1758 denique
2006 1705 2263 1745 Arabicarum

315 1775 396 1815 duo
426 1788 566 1828 genera
595 1780 870 1814 commemorat
897 1774 957 1813 111.
979 1775 1066 1821 113,
1096 1787 1264 1826 quorum
1293 1773 1455 1813 alterum
1483 1773 1622 1814 habeat
1650 1772 1740 1823 „ric
1763 1770 1869 1827 οὐραῖς
1888 1774 2052 1826 μακράς,
2075 1773 2175 1827 τριῶν
2195 1791 2264 1818 πη-

314 1842 411 1895 χέων
440 1843 506 1883 οὐκ
534 1841 759 1884 &halec-ova?
787 1842 948 1881 alterum
976 1839 1067 1890 „mk
1095 1840 1202 1895 ουροὶς
1228 1841 1396 1884 πλατέως
1424 1874 1433 1883 .
1448 1873 1457 1883 .
1473 1874 1482 1883 .
1510 1840 1574 1884 aa.)
1603 1840 1659 1883 ἐπὶ
1687 1844 1812 1894 τηχυν
1840 1841 2015 1886 πλοίτος”.

503 1912 553 1949 Ηί
583 1924 728 1957 omnes,
765 1923 867 1962 quos
902 1909 1023 1949 modo
1059 1914 1299 1959 enumeravi,
1335 1911 1416 1950 loci
1451 1912 1549 1950 hanc
1590 1914 1833 1963 potissimum
1870 1911 1925 1950 ob
1963 1924 2118 1950 causam
2151 1914 2202 1949 ita
2239 1924 2262 1949 a

314 1994 376 2020 me
404 1986 494 2019 sunt
522 1980 718 2018 coniuncti
748 1985 876 2030 atque,
906 1985 948 2018 ut
976 1981 1028 2018 ita
1057 1977 1192 2027 dicam,
1222 1979 1358 2019 eadem
1385 1981 1523 2032 signati
1551 1987 1656 2027 nota,
1686 1981 1788 2032 quia,
1819 1994 1841 2018 a
1869 1979 2068 2032 prioribus
2098 1979 2172 2018 illis
2194 1979 2261 2018 ad—

315 2048 474 2087 modum
516 2047 670 2093 diversi,
711 2046 760 2085 de
801 2046 920 2085 rebus
964 2052 1053 2085 sunt
1092 2048 1133 2085 in
1167 2046 1387 2086 fabularum
1416 2047 1573 2099 quidem
1601 2049 1760 2100 regione
1789 2059 1871 2087 non
1898 2046 2155 2095 versantibus,
2192 2046 2262 2086 sed

315 2130 415 2168 quae
444 2117 722 2154 accuratiorem
751 2121 817 2152 aut
844 2127 926 2152 non
955 2113 1154 2153 admittant
1182 2115 1473 2163 dimensionem,
1510 2123 1577 2155 aut
1605 2122 1709 2155 certe
1738 2129 1819 2154 non
1847 2115 2078 2154 desiderent.
2136 2115 2259 2166 Quod

314 2199 401 2224 cum
438 2198 484 2223 ex
519 2186 603 2235 ipsa
638 2196 767 2222 rerum
802 2188 940 2222 natura
973 2188 1112 2235 pateat,
1148 2182 1396 2223 Herodotum
1432 2196 1513 2222 non
1550 2184 1661 2235 fugit;
1690 2183 1794 2222 unde
1829 2183 1972 2222 factum
2002 2190 2070 2230 est,
2106 2190 2148 2222 ut
2176 2183 2258 2222 fere

313 2252 461 2304 ubique
489 2251 609 2289 verba
637 2250 718 2290 ὅσον
745 2266 785 2289 τε
812 2250 983 2298 adderet,
1013 2250 1156 2302 quibus
1184 2253 1336 2289 minime
1364 2264 1406 2290 se
1434 2264 1509 2303 pro
1540 2253 1652 2290 certis
1682 2250 1798 2289 edere
1818 2250 1886 2289 has
1905 2263 2116 2298 mensuras,
2146 2263 2258 2303 aper-

313 2328 393 2360 tum
431 2320 543 2359 fieret
580 2318 772 2358 omnibus.
834 2319 920 2357 Nec
958 2325 1085 2358 tamen
1120 2318 1161 2358 id
1199 2319 1312 2359 facile
1347 2321 1559 2372 negaveris,
1599 2322 1682 2359 eius
1720 2332 1922 2358 mensurae
1962 2332 2064 2370 quae
2101 2319 2261 2372 publice

314 2390 522 2428 constituta
564 2388 814 2437 omniumque
855 2388 895 2425 in
934 2399 1009 2425 usu
1044 2387 1133 2434 fuit,
1177 2389 1346 2439 speciem
1384 2394 1422 2426 et
1457 2389 1569 2439 quasi
1604 2389 1804 2440 imaginem
1838 2388 1877 2426 in
1914 2388 2042 2426 animo
2079 2389 2259 2439 scriptori

311 2457 440 2503 fuisse,
471 2468 558 2493 cum
586 2455 685 2492 hanc
713 2454 865 2492 illamve
893 2466 974 2491 rem
1005 2453 1145 2493 cubitis
1175 2457 1401 2502 aestimaret,
1431 2461 1480 2502 et,
1509 2454 1736 2507 ubicunque
1764 2454 1888 2494 verbo
1918 2454 2089 2505 ,,πῆχυς”
2118 2461 2256 2500 utatur,

311 2537 464 2575 semper
492 2537 579 2562 eum
608 2525 722 2562 unius
751 2522 862 2574 pedis
891 2529 930 2561 et
957 2521 1101 2561 dimidii
1131 2522 1412 2575 longitudinem
1440 2524 1542 2563 velle
1571 2526 1705 2575 accipi.
1761 2524 1851 2563 Hoc
1875 2525 1966 2561 satis
1985 2522 2108 2572 liquet
2127 2535 2173 2560 ex
2194 2536 2256 2569 eo,

312 2604 427 2642 quem
462 2593 617 2642 saepius
653 2589 820 2637 laudavi,
855 2589 948 2629 loco
981 2591 1027 2637 11,
1059 2589 1146 2638 149,
1183 2590 1252 2629 ubi
1288 2591 1461 2631 cubitum
1497 2605 1563 2630 sex
1598 2591 1735 2644 palmis
1772 2596 1950 2628 constare
1977 2588 2080 2628 dicit.
2137 2590 2259 2629 Aliud

312 2660 469 2699 omnino
507 2664 575 2704 est,
611 2671 810 2708 quaerere,
847 2658 1044 2709 quodnam
1081 2658 1302 2697 cubitorum
1335 2673 1456 2710 genus
1485 2659 1560 2697 illis
1599 2658 1697 2696 locis
1725 2657 1934 2696 indicatum
1964 2659 2024 2704 sit,
2068 2665 2186 2709 atque
2216 2659 2256 2696 id

311 2725 478 2779 quidem,
507 2731 550 2763 ut
576 2726 617 2763 in
644 2726 701 2771 iis,
732 2736 832 2775 quae
860 2731 1079 2775 supersunt,
1107 2726 1266 2764 maxime
1294 2727 1554 2764 necessarium
1584 2731 1653 2771 est,
1680 2726 1733 2763 ita
1761 2726 1802 2763 in
1829 2724 1901 2773 his,
1931 2738 2033 2777 quae
2052 2725 2255 2777 hucusque

309 2795 564 2839 tractavimus,
594 2790 910 2829 absurdissimum
939 2804 1023 2829 esse
1053 2804 1207 2831 censeo.

496 2859 576 2900 Sed
604 2861 829 2912 priusquam
858 2858 907 2898 ad
937 2865 1088 2899 ceteros
1117 2859 1229 2899 locos
1259 2860 1534 2900 examinandos
1554 2861 1794 2914 progrediar,
1830 2864 1869 2901 in
1889 2863 2108 2900 universum
2128 2875 2254 2912 pauca

309 2928 587 2983 praemittenda
622 2935 710 2968 snnt
745 2927 795 2968 de
830 2928 902 2968 hae
936 2930 1021 2981 ipsa
1049 2929 1088 2968 in
1116 2935 1291 2969 veterum
1318 2931 1508 2969 mensuris
1537 2929 1769 2970 diversitate.
1825 2930 1918 2969 Duo
1949 2930 2160 2981 antiquitus
2189 2944 2254 2982 ge-
