2572 3423
1236 133 1294 176 28

1121 201 1410 218 mmm

287 300 361 342 cile
383 304 568 354 potuisse,
592 307 634 340 ut
649 299 933 352 Aegyptiorum
958 297 1125 339 artifices
1146 301 1238 339 istas
1259 311 1460 339 mensuras
1485 298 1576 339 ideo
1597 299 1878 348 constituerint,
1903 298 2012 352 quod
2031 301 2077 339 iis
2100 300 2248 341 utendo

288 371 487 410 effecerint
514 368 759 421 triangulum,
790 370 901 407 cuius
931 368 1052 408 latera
1081 370 1220 416 omnia,
1249 371 1550 421 quam-minima
1580 368 1750 408 adhibita
1785 370 2039 417 correctione,
2076 371 2247 409 numeris

289 440 426 477 exactis
455 443 617 488 possent
647 436 804 476 definiri
832 437 950 487 (4003
981 440 1079 484 250;
1108 438 1305 488 312,25;).

475 506 562 545 Hac
590 508 674 557 ipsa
702 506 804 545 illius
833 508 890 545 rei
918 513 1056 546 natura
1086 506 1135 546 ad
1163 506 1320 546 alteram
1349 506 1602 559 pyramidem,
1636 505 1887 558 Chephrenis,
1926 505 2165 555 adducimur,
2199 506 2248 546 de

286 587 363 626 qua
400 574 629 613 Herodotus
666 575 732 623 (ΙΙ,
760 575 857 625 127)
894 575 989 613 haec
1026 573 1144 613 habet
1182 572 1269 622 „nal
1291 574 1412 614 τοῦτον
1445 575 1553 624 (scil.
1579 574 1635 615 τδν
1659 575 1864 628 Χεφρὶἷνα)
1896 605 2023 615 ......
2054 573 2249 627 πυραμίδα

284 642 442 689 ποιῆσαι,
475 642 510 685 ἐς
532 639 601 694 μὲν
624 640 674 683 τοὶ
698 641 824 683 ἐκείνου
849 642 948 691 (scil.
974 641 1038 682 τοῦ
1061 642 1216 694 Χέοπος)
1246 640 1366 696 μέτρα
1390 643 1456 683 οὐκ
1481 640 1696 689 οἰννῖκουσαν·
1728 642 1851 687 ταῦτα
1875 640 1949 695 ‘reip
1981 640 2026 683 ὧν
2050 640 2114 684 καὶ
2144 644 2250 694 ἡμεῒς

286 707 536 764 ἐμετρήσαμεν
546 711 577 734 ·”
623 710 718 751 lnde
747 712 928 763 expositis
957 710 1150 760 omnibus,
1181 725 1282 765 quae
1310 712 1402 751 huic
1430 714 1550 765 operi,
1581 714 1612 752 si
1642 726 1730 752 cum
1758 713 1892 752 maiori
1920 710 2124 765 pyramide
2142 725 2247 752 com-

284 781 490 831 paraveris,
520 780 657 827 desint,
685 782 738 818 ita
767 781 890 832 pergit
918 778 1145 831 ,,ὑποδει’μας
1167 778 1206 820 δὲ
1230 778 1287 821 τδν
1311 782 1446 832 πρῶτον
1472 778 1581 832 δο’μον
1605 781 1707 821 λίθου
1731 780 1936 821 Αἰθιοπικοῦ
1960 779 2138 828 ποικίλου,
2166 797 2249 821 τεσ-

282 846 485 898 σεροίκοντα
522 845 638 891 πόδας
674 847 821 894 ὑποβαῖς
858 846 918 892 τῆς
957 847 1071 899 ἑτέρης
1108 847 1225 888 robure?
1259 848 1441 901 μέγαθος,
1479 848 1655 900 ἐχομένην
1692 849 1753 894 τῆς
1789 847 1963 902 μεγοίλης
2002 845 2247 902 οἶκοδίμησε.”

283 917 452 957 Multum
482 924 650 957 tentatus
690 917 752 956 hic
789 915 901 956 locus
936 930 958 956 a
996 916 1364 957 commentatoribus
1403 917 1512 966 hanc,
1554 932 1668 970 quam
1705 931 1810 958 nunc
1847 916 1964 959 habet
2001 924 2247 966 structuram,

285 987 531 1024 coniecturae
560 986 608 1023 Η.
626 985 810 1036 Stephani
840 984 969 1032 debet,
1000 987 1067 1036 qui
1097 982 1308 1036 οἶκοδέμησε
1336 985 1585 1024 scribendum
1616 989 1764 1025 censuit
1793 1000 1865 1038 pro
1892 985 2079 1037 οἰκοδομῆς
2107 987 2246 1035 (essin-

284 1058 435 1106 terpp.).
482 1054 638 1105 Sequor
664 1053 921 1105 VVesselingii
949 1055 1304 1104 interpretationem
1334 1054 1609 1107 „quadraginta
1638 1054 1759 1106 pedes
1788 1056 1887 1094 infra
1915 1055 2072 1094 alterius
2101 1056 2244 1107 magni-

283 1122 455 1162 tudinem
485 1121 704 1175 degressus,
743 1123 964 1174 contiguam
992 1135 1151 1174 magnae
1180 1121 1372 1175 pyramidi
1402 1123 1617 1162 exstruxit.’'
1674 1122 1755 1163 Sed
1783 1125 2021 1176 priusquam,
2051 1130 2244 1175 quatenus

284 1190 333 1229 ad
361 1192 563 1229 veritatem
593 1189 781 1228 accedant
811 1189 860 1228 ab
890 1189 1096 1228 Herodoto
1125 1190 1290 1241 prodita,
1327 1193 1545 1229 accuratius
1575 1193 1857 1243 investigamus,
1887 1190 1935 1229 de
1963 1193 2009 1229 iis
2039 1190 2245 1229 dicendum

285 1261 369 1307 erit,
406 1272 507 1310 quae
534 1260 773 1296 recentiores
803 1257 852 1296 de
881 1258 996 1296 huius
1025 1257 1238 1310 pyramidis
1266 1260 1457 1296 mensuris
1487 1261 1781 1299 constituerunt.
1837 1259 2057 1298 Novissime
2084 1258 2247 1298 Belzoni

286 1327 564 1367 dimensionem
587 1328 759 1374 instituit,
791 1340 868 1378 qua
887 1326 952 1376 (cf.
969 1326 1141 1366 Boeckh.
1158 1327 1182 1366 l.
1199 1326 1223 1366 l,
1240 1341 1277 1379 p.
1294 1327 1392 1378 233)
1410 1325 1651 1367 latitudinem
1674 1326 1885 1380 pyramidis
1906 1326 1985 1368 684
2001 1326 2122 1381 pedes
2134 1326 2246 1380 Angl.

285 1400 353 1447 (=
383 1396 529 1444 664‚26
553 1394 640 1447 ped.
660 1395 784 1433 Rhen.
813 1413 858 1429 =
887 1394 1032 1442 208,48
1058 1396 1165 1433 metr.
1191 1395 1297 1447 gall.)
1327 1395 1666 1447 comprehendisse
1694 1398 1850 1436 invenit.
1906 1395 2108 1436 Iomardus
2136 1396 2246 1436 lateri

282 1464 521 1503 fundamenti
551 1463 735 1502 adscribit
765 1464 899 1512 (Desc.
917 1462 965 1502 de
982 1453 1076 1515 l’Eg.
1092 1464 1143 1511 V,
1158 1477 1195 1514 p.
1213 1464 1291 1506 637
1310 1467 1437 1515 seqq.)
1469 1465 1587 1511 207,9
1602 1464 1710 1503 metr.
1727 1465 1824 1516 gall,
1853 1464 1963 1503 lateri
1991 1463 2096 1504 basis
2125 1467 2246 1516 ipsius

282 1547 432 1586 pyram.
463 1530 582 1580 2049
605 1531 713 1571 metr.
730 1530 828 1584 gall„
866 1530 1059 1570 altitudini
1088 1544 1215 1579 verae,
1251 1530 1404 1571 incluso
1439 1530 1703 1580 fundamento,
1743 1533 1896 1571 circiter
1935 1533 2012 1571 139
2035 1533 2143 1571 metr.
2159 1532 2245 1585 gall.

282 1601 417 1651 (hodie
448 1600 617 1653 quidem,
652 1614 740 1639 cum
776 1613 947 1639 summae
976 1601 1095 1651 partis
1125 1599 1272 1651 aliquid
1301 1599 1516 1639 abscissum
1546 1602 1605 1648 sit,
1641 1606 1730 1639 sunt
1760 1602 1849 1639 circ.
1874 1601 1949 1639 138
1968 1601 2107 1650 metu).
2171 1601 2250 1639 Fa-

282 1677 385 1709 tetur
414 1676 542 1708 autem
568 1671 628 1707 vir
657 1668 798 1707 doctus
828 1667 931 1715 (libr.
947 1667 1050 1707 laud.
1066 1668 1116 1715 V,
1132 1681 1168 1718 p.
1186 1666 1266 1706 643
1297 1675 1334 1707 et
1354 1669 1438 1716 Vll,
1453 1682 1490 1720 p.
1509 1671 1618 1718 518.)
1646 1669 1717 1707 hos
1746 1681 1941 1716 numeros,
1971 1670 2146 1720 quamvis
2175 1670 2245 1707 mi-

283 1741 410 1777 nimus
439 1740 486 1777 sit
514 1751 624 1777 error
651 1739 691 1776 in
719 1739 764 1776 iis
795 1735 1028 1777 definiendis
1059 1738 1297 1784 commissus,
1326 1742 1431 1776 tanta
1459 1743 1587 1776 tamen
1615 1739 1655 1776 in
1682 1736 1878 1776 metiendo
1903 1750 1997 1776 cura
2026 1743 2064 1776 et
2092 1736 2243 1776 subtili-

283 1814 360 1846 tate
388 1819 468 1846 non
496 1807 576 1854 niti,
606 1812 751 1858 quanta
779 1818 939 1858 magnae
968 1804 1182 1858 pyramidis
1212 1818 1422 1844 mensuras,
1475 1806 1546 1844 His
1576 1807 1690 1858 igitur
1719 1812 1757 1845 et
1786 1804 1880 1852 aliis,
1910 1818 2008 1857 quas
2036 1818 2124 1844 mox
2152 1819 2244 1857 pro-

282 1876 413 1924 feram,
449 1876 576 1913 causis
605 1880 822 1913 commotus
851 1876 1040 1925 suspicor,
1069 1875 1298 1925 Aegyptios,
1335 1887 1422 1912 cum
1451 1873 1552 1913 hanc
1580 1873 1820 1925 pyramidem
1849 1881 2100 1921 exstruerent,
2135 1874 2244 1912 lateri

284 1946 367 1983 eius
389 1944 564 1984 voluisse
594 1941 686 1981 dare
717 1941 797 1982 450
816 1942 904 1982 cub.
919 1943 1023 1995 vulg.
1039 1941 1332 1994 longitudinem,
1362 1940 1553 1981 altitudini
1576 1948 1704 1981 autem
1721 1955 1836 1982 verae
1859 1943 1939 1982 300
1961 1941 2050 1982 cub.
2065 1941 2168 1995 vulg.
2192 1965 2241 1973 —

283 2014 377 2052 Non
407 2014 506 2051 enim
537 2025 630 2051 casu
658 2017 805 2050 tantum
834 2010 978 2050 factum
1008 2024 1094 2050 esse
1123 2009 1289 2058 videtur,
1329 2017 1371 2049 ut
1399 2012 1461 2049 isti
1489 2011 1639 2048 numeri
1675 2023 1790 2062 quam
1820 2012 1964 2063 optime
1993 2012 2245 2050 convenirent

282 2096 370 2120 cum
399 2080 629 2129 rationibus,
668 2093 769 2133 quae
798 2081 898 2118 inter
926 2079 1047 2118 latera
1075 2079 1255 2133 trianguli
1292 2078 1492 2118 cuiusdam
1523 2077 1779 2127 intercedunt,
1816 2092 1838 2118 a
1874 2079 2081 2118 Plutarcho
2111 2081 2168 2128 (in
2199 2079 2244 2118 li-

280 2151 373 2190 bro:
402 2147 489 2202 Περὶ
505 2146 636 2192 Ἴσιδος
658 2146 723 2189 καὶ
744 2147 943 2202 Ὀσίριδος”
973 2149 1019 2187 cs.
1043 2148 1142 2187 Plut.
1165 2162 1257 2200 opp.
1281 2148 1341 2187 cd.
1356 2147 1503 2187 Reiske
1518 2148 1603 2195 VII,
1627 2161 1663 2199 p.
1682 2147 1755 2190 471
1776 2151 1903 2199 seqq.)
1932 2148 1989 2187 his
2017 2148 2146 2187 verbis
2176 2147 2243 2187 de-

281 2220 430 2270 scripti:
458 2214 700 2272 ,,Αι’γυπτίους
730 2211 813 2258 &dv
843 2232 894 2259 τις
925 2215 1078 2258 sindo-m
1110 2217 1179 2257 τῶν
1209 2214 1383 2271 τριγώνων
1416 2212 1457 2257 τδ
1490 2212 1705 2263 κοίλλιστον,
1739 2211 1914 2268 μάλιστα
1944 2214 2059 2269 τούτῳ
2091 2214 2150 2261 τὴν
2180 2217 2246 2257 τοῦ

281 2285 412 2330 παντδς
438 2285 550 2341 φύσιν
574 2285 798 2339 ὁμοιοῦντας,
823 2282 851 2340 ᾧ
870 2281 934 2325 καὶ
957 2283 1118 2325 Πλοίτων
1144 2283 1177 2324 ἐν
1204 2285 1246 2341 τῇ
1269 2282 1440 2339 πολιτείᾳ.
1469 2282 1572 2324 δοκεῖ
1587 2281 1703 2338 τούτῳ
1727 2284 2031 2338 προσκεχρῆσθαι,
2056 2282 2095 2325 το
2114 2283 2245 2338 γαμή-

281 2364 358 2396 λιον
378 2352 611 2407 διάγραμμα
629 2352 844 2394 συντοίττων.
875 2354 954 2405 ἔχει
967 2353 1116 2393 δ’ἕκεῖνο
1137 2350 1176 2394 n*
1187 2351 1361 2406 τρίγωνον,
1385 2353 1484 2407 τριῶν
1503 2349 1562 2398 την
1576 2349 1660 2405 πρές
1673 2352 1796 2405 ὀρθίαν,
1821 2351 1884 2394 καὶ
1903 2353 2076 2407 τεττοίρωυ
2095 2351 2153 2399 τὴν
2168 2352 2245 2402 βοί-

282 2442 346 2473 σιν,
366 2420 430 2464 καὶ
448 2423 551 2463 πέντε
563 2421 623 2467 τὴν
635 2420 891 2463 ὑποτείνουσαν
910 2420 983 2462 ἴσον
1001 2425 1082 2466 ταῒς
1101 2420 1360 2475 περιεχούσαις
1373 2418 1581 2474 δυναμένην.
1604 2419 1785 2463 εἰκαστέον
1806 2418 1864 2462 οὖν
1877 2419 1935 2466 την
1947 2420 2015 2474 μὲν
2033 2421 2117 2475 πρδς
2131 2421 2243 2475 ὁρθαῖς,

282 2488 405 2547 οἷρῤενι,
429 2488 489 2537 τὴν
504 2489 541 2532 δὲ
561 2487 685 2539 βοίσιν,
711 2488 847 2544 θηλείᾳ,
871 2487 931 2535 τὴν
949 2488 987 2530 δὲ
1006 2489 1270 2539 ὑποτείνουσαν,
1295 2491 1441 2545 οἰμφοῒν
1462 2487 1619 2543 ε’γγὸνῳ.
1648 2486 1713 2530 καὶ
1732 2489 1789 2531 τδν
1807 2487 1875 2542 μὲν
1886 2485 2030 2543 Ὄσιριν
2048 2492 2095 2534 ὡς
2113 2488 2244 2543 ἀρχὴν,

281 2560 340 2606 τὴν
359 2558 491 2601 δὲἿσιν
510 2561 556 2603 ὡς
573 2557 773 2611 ὑποδοχὴν,
797 2557 855 2600 τδν
875 2556 914 2599 δὲ
923 2555 1038 2611 ῬΩρον
1056 2561 1103 2602 ὡς
1123 2557 1378 2611 ἀποτέλεσμα.
1407 2557 1457 2598 ταῖ
1474 2556 1543 2611 μὲν
1562 2556 1636 2612 γοὶρ
1650 2557 1739 2613 τρία,
1763 2557 1899 2612 πρῶτος
1917 2555 2081 2612 περισσὸς
2094 2557 2244 2600 ἐστικαὶ

281 2629 425 2670 τέλειος.
456 2625 505 2666 ταῖ
533 2625 571 2667 δὲ
600 2625 767 2680 τέτταρα,
796 2625 1018 2680 τετρᾶγωνος
1049 2622 1124 2668 εἰπό
1152 2626 1316 2680 πλευροῖς
1336 2625 1457 2681 αἰρτίου
1480 2628 1542 2672 τῆς
1564 2625 1717 2671 δυοίδος·
1747 2623 1797 2668 τοὶ
1830 2625 1868 2667 δὲ
1892 2625 2004 2675 πέντε,
2027 2629 2078 2673 πῆ
2101 2625 2169 2679 μὲν
2191 2626 2244 2680 τῷ

281 2694 401 2748 πατρὶ,
425 2696 477 2740 πῆ
499 2692 539 2735 δὲ
563 2694 605 2750 τῇ
629 2693 735 2745 μητρὶ
759 2695 968 2747 προσέοικεν,
994 2695 1034 2736 ἔκ
1058 2694 1200 2747 τριοίδος
1225 2694 1450 2749 συγκεζαενα
1469 2692 1532 2736 καὶ
1552 2693 1719 2739 δυοίδος.”
1768 2696 1961 2749 Integrum
1981 2698 2164 2747 exscripsi
2183 2695 2242 2736 lo—

282 2780 380 2812 cum,
418 2778 510 2816 quo,
547 2777 664 2815 quam
694 2763 1011 2815 significationem
1040 2766 1222 2817 Aegyptii
1251 2766 1342 2803 huic
1370 2764 1562 2817 triangulo
1598 2763 1844 2812 subiecerint,
1880 2766 2050 2816 apertius
2081 2763 2241 2802 eluceat.

281 2835 423 2885 Neque
458 2833 498 2872 id
532 2831 789 2878 mirabuntur,
826 2833 892 2882 qui
927 2834 1058 2879 sciant,
1094 2832 1143 2871 ab
1181 2833 1370 2872 eiusmodi
1406 2847 1656 2872 numerorum
1692 2832 1843 2872 lusibus
1880 2840 2056 2872 veterum
2091 2832 2243 2882 ingenia

282 2903 435 2941 minime
475 2900 734 2941 abhorruisse.
793 2897 1063 2946 Nihilominus,
1103 2902 1133 2938 si
1161 2902 1201 2938 in
1230 2899 1476 2941 defendenda
1510 2908 1642 2941 nostra
1678 2901 1867 2940 sententia
1907 2898 1955 2938 ad
1992 2899 2091 2938 hanc
2120 2896 2240 2936 solam
