2572 3423
1276 118 1336 163 25

1306 190 1449 206 m

330 296 451 337 antea,
479 290 644 328 victoria
673 286 779 339 apud
799 285 1030 326 Salaminem
1057 291 1256 339 reportata
1284 285 1404 335 (vm,
1425 286 1519 336 121)
1549 284 1620 333 „vd
1648 284 1825 337 ἀκροθίνια.
1854 283 2092 340 ἀπέπεμψαν
2122 283 2157 329 ἐς
2182 290 2280 326 Δελ-

327 357 433 412 φούς,
463 357 504 397 ἐκ
530 355 598 397 τῶν
627 353 761 409 ἐγένετο
791 353 936 409 ἀνδρισῖς
964 353 1061 407 ἔχων
1090 354 1124 395 ἐν
1150 354 1193 411 τῇ
1219 350 1303 408 χερὶ
1332 350 1542 407 ἀκρωτήριον
1570 351 1649 401 νεός,
1679 354 1740 395 ἐὼν
1768 353 1927 407 μέγαθος
1954 351 2186 397 δυοκαίδεκα,
2213 370 2282 400 πη-

324 425 464 478 χέων·”
505 426 595 463 Fuit
623 427 739 478 igitur
767 425 902 464 harum
932 430 1145 463 statuarum
1174 426 1314 476 prioris
1344 422 1507 462 altitudo
1535 441 1579 458 =
1611 425 1660 461 10
1681 422 1769 462 cub.
1799 441 1841 458 =
1874 423 2154 472 14‚73‘Rhen.‚
2185 424 2280 463 alte-

324 497 406 534 rius
436 509 478 528 ·=
511 496 558 532 12
578 492 666 532 cub.
695 512 738 528 =
774 491 1039 541 17‚68'Rhen.
1070 516 1120 523 —

514 563 591 602 Vix
620 561 805 602 credibile
831 569 899 610 est,
930 561 1038 614 quod
1065 560 1292 601 Herodotus
1322 560 1424 611 (VII,
1440 561 1512 611 36)
1541 561 1668 610 refert,
1698 561 1810 600 funes
1838 560 1990 608 linteos,
2020 559 2163 612 quibus
2185 562 2278 601 Per-

325 645 391 672 sae
430 633 492 669 usi
528 632 603 669 sint
642 630 691 669 ad
729 636 889 682 pontem
917 630 1175 682 Hellesponto
1204 629 1496 681 «imponendum,
1535 636 1612 668 tam
1648 629 1792 668 densos
1828 629 1959 677 fuisse,
1998 628 2169 680 ideoque
2203 636 2280 668 tam

325 712 472 752 graves,
511 705 555 737 ut
582 698 740 751 singulis
775 712 911 737 eorum
947 698 1087 738 cubitis
1116 698 1272 750 pondus
1307 704 1410 737 esset
1442 698 1681 750 singulorum
1718 697 1960 736 talentorum.
2017 697 2152 736 Verba
2189 704 2282 736 sunt

326 764 388 816 „liv
420 765 680 820 ἐμβριθέστερα
707 763 758 807 n?
784 764 896 815 λίνεα,
924 769 988 807 τοῦ
1014 762 1196 808 τάλαντον
1223 768 1239 808 ὁ
1269 766 1397 818 πῆχυς
1424 763 1554 807 tinec?
1611 767 1832 806 statuentes
1852 767 1963 813 enim,
1996 766 2140 805 siccum
2159 766 2279 805 fuisse

327 843 366 875 et
395 850 510 889 quam
538 837 698 873 maxime
728 841 947 874 contortum
977 836 1120 883 funem,
1149 842 1188 874 et
1216 841 1481 887 supponentes
1498 834 1649 873 calculo
1679 834 1852 873 cubitum
1877 834 2075 886 vulgarem
2090 835 2277 873 Atticum-

324 918 402 955 que
430 904 617 942 talentum
654 906 722 952 (=
753 905 897 950 56,009
912 904 965 942 lb.
988 903 1172 954 boruss.)‚
1200 906 1428 950 invenimus,
1458 903 1568 941 nullo
1596 903 1714 941 modo
1744 903 1831 941 fieri
1859 905 2046 953 potuisse,
2076 908 2118 940 ut
2145 902 2277 941 radius

323 970 459 1010 circuli
500 972 631 1009 funem
674 974 839 1010 secantis
881 973 1007 1010 minor
1049 979 1151 1010 esset
1192 972 1246 1023 δὲ
1275 972 1401 1023 digitis
1438 972 1562 1010 Rhen.
1646 969 1789 1021 (Quod
1828 969 2028 1022 quomodo
2075 972 2278 1021 quaesive-

323 1041 394 1078 rim
429 1039 504 1077 hoc
533 1038 623 1077 loco
652 1038 810 1091 longum
839 1045 897 1077 est
932 1052 1144 1091 exponere3
1182 1038 1252 1078 sed
1281 1038 1431 1078 facilius
1461 1037 1654 1086 acciderit,
1690 1044 1733 1076 ut
1761 1039 1833 1077 iste
1862 1050 2045 1076 numerus
2074 1039 2177 1076 iusto
2207 1039 2276 1076 mi-

321 1120 396 1145 nor
424 1109 484 1154 sit,
518 1120 635 1158 quam
664 1114 708 1145 ut
736 1109 888 1156 maior.)
919 1129 968 1136 —
1026 1106 1313 1145 Deducendum
1342 1106 1499 1158 quidem
1528 1112 1598 1153 est,
1637 1113 1823 1157 quantum
1854 1105 2038 1157 ponderis
2074 1106 2176 1144 forte
2211 1119 2276 1144 ac-

323 1178 481 1216 cesserit
510 1177 591 1214 sive
622 1189 667 1214 ex
695 1178 785 1214 ae're
815 1175 987 1223 humido,
1026 1177 1107 1214 sive
1137 1189 1183 1214 ex
1212 1189 1312 1227 aqua
1340 1177 1451 1214 nimis
1480 1177 1713 1227 propinqua,
1742 1177 1822 1214 sive
1852 1174 1934 1213 aliis
1964 1173 2013 1213 de
2042 1176 2179 1222 causis,
2207 1188 2275 1213 ne-

321 1258 400 1297 que
428 1243 527 1284 illud
554 1250 630 1284 tam
659 1246 770 1297 parvi
798 1243 1077 1284 aestimandum
1106 1250 1148 1283 ut
1181 1257 1256 1297 pro
1285 1244 1406 1284 nihilo
1435 1243 1655 1284 habeamus.
1711 1243 1760 1283 Et
1799 1256 1891 1283 sane
1920 1240 2051 1282 verbis
2080 1242 2276 1282 Herodoti

321 1316 354 1351 si
390 1313 553 1351 velimus
590 1312 810 1361 confidere,
850 1313 927 1352 tale
965 1312 1060 1365 quid
1094 1314 1214 1353 fuisse
1251 1313 1361 1365 quod
1396 1312 1554 1365 pondus
1590 1314 1746 1359 auxerit,
1783 1312 1973 1364 fingamus
2013 1313 2170 1351 omnino
2207 1324 2273 1350 ne-

322 1395 431 1421 cesse
461 1389 528 1421 est.

508 1449 571 1489 Ab
601 1452 657 1498 iis,
687 1463 789 1502 quae
817 1450 1021 1504 hucusque
1041 1450 1208 1490 diximus
1232 1450 1281 1490 de
1311 1451 1463 1499 cubitis,
1492 1453 1532 1490 in
1551 1452 1773 1504 Aegyptum
1801 1451 1942 1489 reverti
1970 1448 2109 1501 placet,
2120 1447 2177 1491 ,de
2205 1449 2270 1486 iis-

320 1532 398 1570 que
426 1518 623 1557 Herodoti
655 1519 753 1557 locis
784 1518 986 1566 disserere,
1026 1519 1170 1570 quibus
1205 1519 1427 1572 pyramides
1464 1519 1678 1571 descripsit.
1734 1519 1777 1556 In
1812 1525 1917 1556 tanta
1944 1530 2039 1555 vero
2069 1515 2270 1564 librorum,

320 1586 369 1625 de
398 1586 456 1624 his
492 1585 663 1625 molibus
698 1588 944 1639 scriptorum,
979 1586 1223 1626 multitudine
1258 1601 1345 1626 cum
1379 1587 1474 1626 nihil
1505 1589 1656 1626 inanius
1692 1588 1750 1634 sit,
1791 1599 1906 1638 quam
1940 1591 2129 1638 repetere,
2168 1597 2271 1636 quae

317 1654 456 1693 melius
484 1656 559 1692 iam
588 1656 662 1693 sint
692 1657 876 1706 exposita,
907 1669 952 1693 ea
974 1661 1121 1694 tantum
1149 1656 1355 1707 proferam,
1386 1668 1497 1706 quae,
1526 1657 1600 1694 nisi
1628 1669 1651 1693 a
1678 1654 1758 1693 fine
1787 1655 1995 1705 proposito
2018 1653 2134 1692 velim
2162 1665 2271 1691 rece-

318 1722 422 1769 dere,
460 1725 619 1761 omnino
649 1725 867 1761 necessaria
903 1730 1024 1762 erunt.
1080 1725 1140 1762 Ac
1175 1725 1300 1775 primo
1330 1722 1498 1775 quidem,
1535 1736 1622 1761 cum
1658 1725 1758 1761 inter
1787 1735 1922 1760 omnes
1958 1720 2077 1760 hodie
2108 1727 2272 1768 constet,

316 1791 535 1843 Aegyptios
564 1792 604 1829 in
633 1790 883 1830 aedificandis
912 1791 1181 1844 pyramidibus
1203 1791 1424 1831 cubitorum
1451 1804 1631 1830 mensura
1657 1804 1751 1830 usos
1775 1804 1872 1838 esse,
1900 1789 2006 1829 haud
2034 1791 2173 1828 iniuria
2202 1791 2271 1828 mi-

316 1873 455 1907 ramur,
492 1858 596 1898 unde
627 1860 770 1899 factum
806 1862 864 1907 sit,
905 1867 948 1899 ut
976 1847 1204 1900 Herodotus
1242 1874 1292 1899 ne
1326 1863 1367 1899 in
1401 1873 1480 1899 una
1508 1859 1666 1912 quidem
1704 1873 1835 1898 earum
1872 1857 2131 1898 describenda
2167 1857 2273 1898 illius

315 1941 519 1968 mensurae
546 1927 706 1966 haberet
733 1931 932 1968 rationem.
974 1930 1106 1968 Utitur
1130 1931 1230 1968 enim
1258 1942 1348 1968 raro
1377 1936 1526 1967 tantum
1553 1928 1734 1981 pedibus,
1763 1930 1920 1980 saepius
1945 1934 2099 1966 centum
2127 1926 2272 1979 pedum

315 2010 495 2036 mensura
516 1994 693 2049 (πλέθρῳ)
712 1997 777 2036 vel
805 2011 871 2036 sex
897 1997 1042 2050 pedum
1065 1999 1241 2051 (ὀργυιᾷ).
1283 1997 1511 2050 Expeditior
1538 1998 1634 2036 haec
1662 2011 1725 2036 res
1745 1999 1828 2045 erit,
1857 1999 1889 2035 si
1917 1996 2133 2049 legerimus,
2162 1995 2273 2048 quod

315 2066 360 2111 II,
384 2066 458 2106 127
490 2064 582 2102 dicit
609 2065 754 2111 „ra-3⁷«.
783 2065 855 2117 γοίρ
892 2063 936 2104 ὧν
965 2066 1070 2113 (scil.
1098 2064 1147 2106 ταῖ
1174 2065 1238 2105 τοῦ
1266 2064 1404 2109 Χέοπος
1435 2064 1579 2119 με’τροι)
1612 2062 1676 2105 καὶ
1708 2067 1813 2115 ἡμεῖς
1846 2062 2128 2118 &perp-escuem?
2183 2066 2270 2117 Ipse

314 2134 429 2183 igitur
466 2132 692 2171 Herodotus
730 2133 971 2184 pyramidem
1007 2133 1179 2184 Cheopis
1216 2146 1394 2172 emensus
1431 2140 1506 2180 est,
1546 2146 1675 2183 neque
1712 2139 1770 2171 est
1806 2132 1914 2182 quod
1948 2132 2146 2183 impediat,
2187 2146 2268 2183 quo

314 2202 440 2238 minus
484 2201 596 2237 etiam
636 2199 874 2251 reliquarum
914 2201 1190 2240 dimensionem
1232 2200 1281 2240 ab
1322 2214 1369 2239 eo
1408 2201 1617 2239 institutam
1656 2212 1741 2238 esse
1780 2198 2020 2238 arbitremur.
2091 2199 2268 2248 Accedit,

316 2267 426 2320 quod
458 2269 659 2320 Aegyptiis
699 2267 803 2306 illius
842 2271 975 2308 aetatis
1015 2269 1224 2320 perodiosa
1258 2269 1439 2309 videntur
1475 2269 1593 2307 fuisse
1629 2268 1722 2306 haec
1761 2280 1880 2318 opera
1916 2267 1981 2315 (cf.
2011 2268 2056 2315 II,
2090 2270 2187 2318 128)
2225 2274 2268 2307 ut

314 2350 364 2375 ne
393 2337 548 2375 nomina
576 2335 732 2387 quidem
761 2349 894 2389 regum
924 2338 1182 2388 antiquorum,
1213 2339 1279 2387 qui
1309 2344 1459 2384 „tantae
1488 2337 1663 2374 vanitatis
1693 2335 1893 2373 auctores”
1924 2348 1946 2373 a
1965 2335 2092 2374 Plinio
2122 2350 2268 2375 vocan-

314 2412 388 2452 tur,
417 2406 490 2443 nisi
517 2406 643 2443 invitis
673 2407 805 2443 animis
836 2407 1088 2444 enuntiarent.
1138 2404 1254 2443 Unde
1273 2403 1478 2443 verisimile
1508 2410 1576 2450 est,
1605 2398 1865 2441 Herodotum'
1881 2406 2050 2454 exceptis
2078 2406 2134 2452 iis,
2166 2418 2268 2456 quae

315 2472 467 2511 disertis
495 2471 625 2511 verbis
655 2472 757 2511 dicat
786 2472 835 2511 de
871 2471 1140 2524 pyramidibus
1176 2471 1225 2510 ab
1255 2471 1335 2510 aliis
1365 2470 1438 2510 sibi
1473 2477 1625 2509 narrata
1662 2484 1758 2517 esse,
1799 2477 1927 2509 cetera
1956 2473 2084 2509 omnia
2112 2471 2268 2512 tradere

313 2553 385 2578 sua
413 2542 646 2591 experientia
675 2540 856 2580 edoctum
886 2542 1044 2592 suisque
1073 2539 1197 2578 oculis
1233 2553 1356 2579 usum.
1414 2538 1537 2591 Quod
1565 2541 1596 2577 si
1629 2540 1681 2576 ita
1710 2551 1795 2576 esse
1830 2540 2026 2586 sumimus,
2063 2540 2268 2591 quomodo

312 2608 400 2647 fieri
428 2610 608 2659 potuerit,
637 2615 680 2647 ut
708 2611 748 2647 in
775 2623 818 2648 re
846 2616 904 2647 tot
932 2611 1126 2660 tantisque
1155 2608 1337 2660 implicita
1365 2606 1658 2647 difficultatibus
1686 2620 1800 2645 veros
1828 2620 2015 2647 numeros
2045 2616 2267 2649 accuratos-

314 2690 391 2729 que
435 2676 501 2715 ille
536 2677 748 2715 inveniret?
790 2677 878 2728 Ipse
915 2683 1048 2715 noster
1084 2690 1171 2715 cum
1207 2678 1289 2714 sine
1322 2675 1461 2722 dubio,
1504 2675 1578 2713 hoc
1613 2677 1713 2713 vires
1751 2689 1842 2714 suas
1878 2675 2083 2725 excedere,
2124 2680 2266 2729 optime

312 2747 445 2791 sciret,
490 2745 580 2782 satis
625 2743 776 2791 habuit,
822 2744 1087 2782 aestimatione
1130 2749 1278 2782 tantum
1320 2745 1493 2782 instituta
1535 2756 1719 2782 numeros
1761 2757 1842 2783 non
1885 2747 1995 2783 nimis
2043 2759 2065 2783 a
2105 2747 2265 2784 veritate

314 2813 536 2853 aberrantes
563 2811 775 2851 tradidisse.
825 2812 965 2863 Neque
995 2810 1100 2850 aliud
1129 2810 1340 2863 quidquam
1368 2811 1435 2850 illo
1464 2810 1589 2851 verbo
1615 2811 1865 2866 ἐμετρνῖό-αιμεν
1894 2812 2139 2865 significatur.
2179 2812 2264 2851 Tali

313 2890 440 2922 autem
469 2885 524 2921 rei
553 2881 675 2920 multo
705 2883 822 2934 magis
853 2882 1059 2920 convenire
1089 2880 1302 2933 longiorem
1330 2895 1561 2930 mensuram,
1598 2896 1714 2934 quam
1743 2882 1971 2928 breviorem,
2009 2884 2099 2920 satis
2129 2888 2265 2921 notum

1889 2956 1923 2991 D
