2572 3423
1250 167 1279 210 9

1117 236 1405 252 mmm

285 332 385 372 deri.
410 335 538 373 inesse
575 334 746 371 veritatis
789 343 920 383 neque
954 330 1072 369 ullam
1108 344 1193 370 esse
1229 329 1399 379 causam,
1436 344 1505 370 cur
1539 332 1654 384 plane
1684 345 1747 372 eas
1776 331 2007 372 reficiendas
2037 344 2123 371 esse
2152 334 2239 384 quis

286 409 459 441 censeat:
497 402 667 439 Primum
696 402 796 438 enim
825 413 896 453 per
924 412 967 438 se
985 398 1090 437 haud
1116 399 1328 439 absurdum
1349 406 1407 438 est
1427 399 1597 447 credere,
1628 401 1820 439 Croesum
1843 404 1888 440 iis
1907 403 2098 440 mensuris
2127 414 2240 439 usum

285 483 371 509 esse
401 475 438 508 et
466 470 512 507 iis
540 467 795 520 ponderibus,
825 479 927 519 quae
956 468 1039 507 eius
1068 473 1244 519 tempore
1274 469 1315 507 in
1342 467 1436 507 Asia
1464 466 1680 507 obtinuisse
1699 468 1921 507 Boeckhius
1945 483 2074 521 nuper
2092 469 2239 509 docuit.

283 535 449 583 Deinde,
479 550 566 574 cum
593 536 649 574 illi
677 535 912 574 semilateres
941 548 990 573 eo
1020 535 1186 574 consilio
1215 536 1307 574 facti
1335 542 1474 583 essent,
1504 542 1546 573 ut
1575 542 1683 574 certo
1712 535 1883 586 quodam
1913 536 2050 574 ordine
2076 550 2239 588 compo-

284 605 347 642 siti
373 602 498 642 basim
527 602 726 642 efficerent
754 602 881 642 leonis
910 604 1018 641 aurei
1046 602 1095 641 ab
1126 601 1266 641 eodem
1293 615 1384 655 rege
1411 602 1590 655 Delphos
1619 604 1741 651 missi,
1776 616 1937 641 necesse
1966 609 2043 650 est,
2084 616 2152 642 eos
2187 606 2241 643 ita

284 671 405 710 fuisse
435 678 692 723 comparatos,
730 678 774 710 ut
803 677 982 709 accurate
1011 673 1111 709 inter
1138 684 1181 709 se
1211 678 1480 723 congruerent,
1511 670 1621 722 quod
1650 678 1693 710 ut
1721 671 1845 718 fieret,
1873 660 2054 710 facillime
2084 674 2241 723 assequi

284 740 414 791 potuit
449 740 599 788 artifex,
635 741 667 778 si
703 745 845 778 certam
882 750 1100 778 mensuram
1134 740 1209 778 toti
1247 741 1359 791 operi
1394 746 1652 792 supponeret,
1689 753 1771 779 non
1807 740 1899 779 satis
1935 739 2082 779 habens
2118 738 2240 792 negli-

285 814 418 861 genter
446 815 484 848 et
511 810 595 862 ipsa
624 822 695 848 sua
723 821 840 847 manu
863 820 1000 847 eorum
1027 806 1327 861 magnitudinem
1348 806 1576 847 delineasse.
1615 808 1821 848 Praeterea
1846 821 2107 856 numerorum,
2138 821 2240 861 quos

284 877 403 916 modo
432 880 576 930 reperi,
612 878 834 930 simplicitas
870 876 1017 929 aliquid
1044 879 1229 916 momenti
1255 877 1410 917 videtur
1437 876 1592 923 habere,
1631 880 1702 916 etsi
1730 878 1825 916 haec
1852 891 1915 917 res
1944 878 2030 917 sola
2064 891 2145 917 non
2173 891 2239 916 va-

284 946 361 985 leat
389 945 439 984 ad
467 948 692 984 sententiam
720 959 844 984 meam
872 945 1110 984 firmandam.
1168 945 1248 985 Sed
1276 947 1412 984 mirum
1443 958 1536 984 sane
1565 952 1677 993 esset,
1707 948 1739 999 si
1770 958 1863 984 casu
1891 946 2057 984 fortuito
2088 945 2239 984 accide-

283 1021 353 1061 ret,
382 1020 425 1052 ut
453 1015 624 1052 rationes
653 1014 742 1053 illae
769 1013 989 1066 ponderum
1009 1017 1046 1063 (1
1072 1016 1119 1055 :-1
1143 1020 1181 1053 et
1202 1016 1217 1052 1
1241 1016 1313 1063 29)
1334 1013 1638 1065 simplicissimae
1667 1020 1745 1052 tam
1772 1021 1952 1053 accurate
1988 1015 2241 1052 convenirent

284 1095 371 1121 cum
399 1083 480 1120 istis
509 1084 708 1130 mensuris,
747 1096 842 1134 quas
873 1081 977 1134 apud
1006 1089 1156 1121 veteres
1185 1084 1225 1121 in
1253 1095 1330 1120 usu
1357 1081 1477 1120 fuisse
1505 1082 1593 1119 Viri
1624 1081 1851 1121 Doctissimi
1884 1082 2013 1120 multis
2052 1088 2089 1120 et
2125 1083 2239 1120 certis

285 1151 515 1202 argumentis
545 1151 578 1188 si
605 1162 686 1188 non
715 1149 932 1201 probarunt
962 1151 1134 1197 omnino,
1162 1155 1290 1187 tamen
1319 1148 1529 1187 admodum
1558 1148 1766 1200 probabile
1794 1150 2057 1189 reddiderunt.
2115 1150 2237 1188 Deni-

285 1231 362 1269 que
402 1219 435 1256 si
471 1217 573 1256 forte
610 1219 658 1255 sit
697 1219 762 1256 cui
799 1219 882 1256 auri
920 1217 1024 1256 illius
1055 1219 1171 1269 copia
1208 1216 1351 1257 Croesi
1383 1216 1525 1255 divitiis
1564 1217 1805 1269 respondere
1843 1231 1925 1257 non
1967 1217 2162 1264 videatur,
2206 1220 2238 1257 is

285 1297 434 1336 quaeso
462 1284 566 1323 hunc
592 1284 784 1323 calculum
811 1284 1080 1324 brevissimum
1109 1291 1306 1336 sequatur.
1348 1286 1533 1332 Fuerunt,
1563 1286 1710 1323 etiamsi
1737 1287 1777 1324 in
1806 1285 1986 1324 omnibus
2016 1285 2239 1324 semilateri-

283 1353 359 1392 bus
395 1352 490 1392 nihil
523 1354 597 1391 nisi
633 1358 831 1405 argentum
867 1352 1073 1392 admixtum
1105 1353 1225 1392 fuisse
1259 1355 1458 1405 ponimus,
1497 1355 1537 1391 in
1568 1360 1737 1406 quatuor
1771 1353 1999 1393 melioribus
2038 1356 2060 1393 5
2098 1354 2239 1393 talenta

283 1440 327 1456 =
347 1420 492 1469 466,74
509 1420 562 1460 lb.
585 1420 740 1460 boruss.
768 1423 852 1460 auri
880 1423 980 1474 puri,
1008 1423 1048 1460 in
1075 1428 1228 1460 centum
1256 1421 1441 1461 tredecim
1470 1421 1630 1473 reliquis
1659 1423 1749 1469 22,6
1771 1422 1914 1461 talenta
1931 1440 1974 1456 =
1996 1424 2169 1468 2109,69
2184 1422 2236 1461 lb.

283 1490 449 1535 boruss.;
486 1491 618 1541 itaque
654 1491 694 1528 in
728 1488 909 1528 omnibus
939 1488 1112 1538 2576‚43
1134 1489 1186 1528 lb.
1212 1489 1370 1529 boruss.
1425 1490 1468 1529 In
1496 1497 1634 1529 nostro
1665 1497 1790 1529 autem
1823 1504 1962 1539 numo,
2002 1504 2116 1542 quem
2151 1491 2233 1529 Fri-

283 1558 456 1597 dericum
492 1570 665 1597 aureum.
685 1570 883 1606 vocamus,
919 1570 1007 1597 cum
1043 1559 1142 1597 ratio
1177 1559 1278 1597 inter
1314 1572 1449 1598 aurum
1482 1572 1622 1610 purum
1653 1565 1690 1597 et
1718 1559 1911 1598 metallum
1941 1558 2147 1598 admixtum
2176 1560 2234 1598 in-

282 1626 484 1665 tercedens
514 1629 562 1664 sit
591 1627 641 1665 65
661 1638 672 1666 :
692 1627 728 1673 7,
758 1633 796 1664 et
826 1627 878 1668 70
899 1627 995 1664 tales
1024 1629 1130 1665 numi
1158 1626 1334 1677 pondere
1361 1626 1528 1664 habeant
1556 1629 1571 1664 1
1601 1627 1665 1673 lh„
1701 1629 1877 1678 sequitur
1913 1630 1951 1665 in
1988 1640 2234 1678 unoquoque

284 1708 368 1733 esse
398 1696 482 1733 auri
509 1696 599 1746 puri
618 1693 693 1746 ,7¹53
708 1692 773 1741 lb„
803 1707 883 1746 quo
906 1694 1083 1745 pondere
1106 1700 1331 1745 comparato
1356 1708 1444 1733 cum
1472 1696 1640 1733 numeris
1668 1708 1786 1746 supra
1814 1697 1977 1747 repertis
2005 1697 2235 1741 invenimus,

283 1765 324 1801 in
355 1761 496 1802 Croesi
524 1761 805 1802 semilateribus
834 1768 980 1801 tantum
1007 1762 1126 1801 fuisse
1156 1763 1240 1801 auri
1266 1763 1366 1814 puri,
1396 1768 1581 1813 quantum
1609 1764 1649 1801 in
1681 1762 1840 1805 199772
1862 1762 2070 1802 Fn'dericis
2099 1765 2237 1802 aureis.

469 1830 550 1869 Sed
584 1830 713 1868 multis
749 1830 869 1868 multa
908 1829 957 1868 de
995 1830 1067 1868 bac
1095 1844 1138 1869 re
1175 1830 1403 1869 disseruisse
1439 1829 1615 1869 videbor.
1673 1831 1869 1882 Sequatur
1906 1833 2023 1883 igitur
2058 1833 2237 1883 proxima

282 1912 472 1946 mensura,
509 1912 531 1936 a
559 1905 695 1937 nostro
726 1904 1035 1945 commemorata,
1073 1897 1251 1947 σπιθαμῆ,
1281 1912 1359 1950 qua
1387 1905 1426 1938 et
1453 1901 1538 1950 ipsa
1566 1905 1609 1937 ut
1638 1898 1902 1947 antecedente,
1938 1898 2059 1938 semel
2087 1905 2235 1937 tantum

281 1969 402 2006 utitur
444 1973 581 2005 auctor
616 1966 686 2016 (11,
718 1967 839 2017 106),
875 1965 944 2005 ubi
979 1965 1029 2005 de
1064 1965 1294 2005 Sesostridis
1329 1966 1559 2019 imaginibus
1596 1968 1635 2005 in
1670 1968 1782 2005 Ionia
1815 1969 1980 2020 repertis
2017 1968 2141 2019 agitur
2182 1969 2236 2006 ita

281 2033 492 2085 ,,ἓκα.τε’ρωθι
521 2032 559 2073 δὲ
589 2030 671 2084 οἰνῦρ
703 2033 970 2086 ἐγγέγλυπται,
997 2034 1161 2086 μέγαθος
1188 2033 1363 2085 πέμπτης
1391 2034 1607 2084 widun-peis?
1660 2035 1830 2073 Primum
1860 2034 1900 2072 id
1929 2034 2235 2073 animadverten-

283 2102 375 2141 dum
404 2108 478 2149 est,
514 2100 762 2140 Herodotum
789 2114 872 2140 non
901 2100 1041 2149 dicere,
1078 2108 1346 2141 accuratamne
1374 2102 1451 2141 hoc
1478 2101 1571 2141 loco
1601 2115 1817 2141 mensuram
1846 2102 1939 2141 velit
1967 2102 2145 2154 intelligi,
2184 2116 2232 2140 an

282 2172 406 2208 minus
444 2176 624 2208 exactam.
680 2169 776 2208 Mihi
808 2169 964 2221 quidem
1002 2170 1080 2209 boc
1114 2170 1357 2209 verisimilius
1387 2169 1542 2209 videtur
1578 2184 1663 2209 cum
1702 2176 1865 2221 propter
1901 2177 2074 2209 naturam
2109 2172 2232 2221 ipsius

281 2241 356 2284 rei,
395 2240 434 2276 in
474 2251 550 2289 qua
589 2244 632 2275 ut
667 2244 865 2276 accuratas
903 2251 1102 2277 mensuras
1136 2238 1348 2290 proferret,
1383 2250 1465 2276 non
1499 2238 1658 2276 multum
1693 2239 1879 2275 interesse
1913 2244 2067 2288 poterat
2101 2238 2231 2277 Hero-

283 2306 376 2353 doti,
411 2313 492 2344 tum
530 2307 620 2356 quia
656 2305 755 2343 hanc
789 2308 912 2356 ipsam
947 2306 1001 2345 ob
1032 2320 1186 2345 causam
1216 2306 1402 2345 credibile
1432 2313 1499 2353 est,
1536 2319 1633 2352 eum,
1669 2312 1712 2344 ut
1739 2318 1819 2343 rem
1846 2306 1959 2343 citius
1996 2305 2231 2354 absolveret,

280 2374 366 2414 illas
402 2374 583 2426 imagines
617 2386 752 2412 manus
782 2386 876 2412 suae
905 2386 983 2425 ope
1019 2387 1216 2413 emensum
1245 2387 1341 2413 esse.
1403 2373 1587 2419 Ceterum
1617 2370 1796 2426 σπιθαμί,
1831 2375 1864 2412 si
1892 2375 2074 2413 inseritur
2104 2374 2233 2414 ordini

282 2445 454 2490 metrico,
484 2448 542 2481 est
571 2440 725 2480 dimidia
753 2455 843 2493 pars
873 2440 994 2481 cubiti
1022 2443 1103 2481 sive
1131 2441 1242 2493 pedis
1271 2440 1452 2488 dodrans
1492 2441 1595 2480 unde
1624 2441 1922 2493 magnitudinem
1950 2442 2101 2482 illarum
2130 2443 2230 2495 figu-

281 2524 410 2549 rarum
450 2512 651 2549 circiter
691 2510 752 2562 321
770 2508 914 2562 pedum
942 2510 1061 2548 fuisse
1098 2511 1334 2548 conficimus.
1391 2509 1457 2548 Sic
1491 2508 1664 2547 ldelerus
1699 2522 1860 2561 quoque
1889 2510 1952 2559 (cf.
1973 2510 2167 2550 Abhandl.
2192 2511 2229 2550 d.

281 2578 383 2615 Berl.
399 2577 519 2615 Acad.
542 2577 848 2629 Histor.-philol.
868 2577 929 2616 Cl.
955 2579 1214 2616 1812-1813.
1235 2591 1319 2629 pag.
1339 2578 1441 2628 169)
1469 2577 1572 2615 hunc
1605 2577 1736 2615 locum
1770 2580 2063 2629 interpretatur,
2095 2565 2231 2631 *neque

283 2657 354 2696 ego
384 2656 562 2695 possum,
602 2646 696 2695 quin
731 2644 804 2683 hac
838 2646 879 2683 in
906 2658 949 2684 re
977 2657 1188 2697 repugnem
1216 2644 1585 2697 Schweighaeusero
1614 2643 1707 2693 (vid.
1729 2644 1905 2684 Lexicon
1927 2644 2122 2685 Herodot.
2143 2661 2172 2685 s.
2195 2662 2230 2685 v.

282 2710 472 2763 σπιθωμνῖ)
508 2718 547 2749 et
582 2712 748 2749 Baehrio
779 2707 857 2760 (ad
882 2712 917 2749 h.
939 2712 983 2761 1.)
1021 2711 1129 2749 illum
1160 2718 1308 2749 secuto.
1366 2711 1540 2751 Censent
1574 2714 1673 2750 enim
1703 2712 1775 2760 illi,
1814 2714 1912 2752 haec
1939 2713 2061 2752 verba
2090 2714 2230 2764 eodem

282 2778 401 2820 modo
421 2777 666 2832 intelligenda
690 2792 787 2827 esse,
817 2791 898 2830 quo
922 2776 1087 2832 τέταρτον
1100 2776 1349 2830 ἡμιτάλαντον
1378 2785 1416 2819 et
1438 2778 1575 2819 similia
1603 2779 1649 2830 (Ι,
1668 2781 1750 2833 50),
1779 2788 1823 2822 ut
1851 2780 2067 2835 significent
2095 2780 2227 2834 43cu-

280 2850 402 2894 bitos3
442 2847 512 2887 sed
539 2847 653 2887 valde
688 2847 850 2887 dubium
886 2855 960 2896 est,
998 2861 1091 2887 num
1127 2850 1255 2888 omnia
1286 2862 1333 2887 ea
1364 2847 1504 2897 verba,
1541 2862 1643 2902 quae
1679 2850 1873 2890 dimidiam
1902 2851 2013 2889 alius.
2028 2849 2228 2889 cuiusdam

280 2929 481 2956 mensurae
509 2922 656 2968 partem
686 2918 917 2968 exprimunt,
947 2915 1108 2956 eandem
1136 2916 1259 2969 legem
1289 2924 1521 2968 sequantur,
1550 2931 1666 2970 quam
1693 2918 1777 2966 illa,
1807 2931 1906 2970 quae
1933 2917 2131 2956 vocabulo
2160 2920 2228 2970 ἠμι

1848 2994 1879 3027 Β
