2572 3423
1200 127 1260 170 33

1086 197 1375 212 mmm

253 305 384 331 versas
413 290 664 338 intercedant,
694 293 895 343 expositio.
952 282 1064 329 Hanc
1090 303 1187 330 vero
1215 290 1324 330 lacus
1353 290 1541 331 Moeridis
1571 291 1782 343 descriptio
1815 290 2020 338 antecedit,
2058 293 2131 337 cui,
2168 298 2210 330 ut

254 359 492 400 demonstret
513 359 622 398 illum
652 372 737 398 esse
759 357 1043 411 ,,χειροποῖητον”
1068 359 1163 398 haec
1185 358 1309 398 addit:
1339 358 1396 407 „s’v
1417 356 1491 412 γαῖρ
1511 358 1607 415 μέσῃ
1629 360 1671 415 τῇ
1693 358 1802 415 λίμνῃ
1816 357 1998 411 uincti
2014 376 2060 414 κῃ
2081 358 2210 400 {crica

253 427 316 470 δύο
342 427 555 481 πυραμίδες,
583 430 647 469 τοῦ
674 428 806 472 ὕδατος
835 426 1084 481 ὑπερέχουσαι
1109 427 1325 474 πεντήκοντα
1351 424 1492 481 ὀργυιαὶ
1520 427 1678 481 ἑκατέρη,
1706 425 1772 469 καὶ
1798 427 1838 469 ‘rox
1861 430 1940 470 κατ’
1961 427 2094 472 ὕδατος
2118 428 2211 468 οἰκο-

253 495 411 547 δόμηται
441 493 552 549 ἕτερον
579 495 738 544 τοσοῦτο,
852 527 860 537 .
884 495 976 538 οὕτω
1003 495 1044 537 αἱ
1066 494 1134 549 μὲν
1158 493 1360 550 πυραμίδες
1381 493 1446 537 εἶσὶ
1464 493 1592 538 ’ἕκωτδν
1612 494 1786 550 ὅργυιέων,
1817 495 1857 536 αἱ
1876 494 2046 537 &Em-rev
2069 493 2211 550 ὀργυιαὶ

254 562 405 606 δίκαιαί
419 563 484 605 εἶσι
505 560 650 604 στοίὸιιν
672 561 900 617 ἑξάπλεθρον,
927 562 1104 619 ἑξαπέδου
1122 562 1190 617 μὲν
1210 566 1274 609 τῆς
1294 564 1437 618 ὀργυιῆς
1456 564 1692 618 μετρεομένης
1712 562 1777 605 καὶ
1796 563 2046 615 τετραπήχεος
2066 561 2210 604 κ.·τ.λ.”

253 634 316 672 De
345 632 487 672 ultimis
515 632 646 672 verbis
676 635 831 685 saepius
860 633 1016 672 locutus
1045 647 1141 672 sum.
1199 632 1314 684 Quae
1343 640 1471 673 autem
1499 633 1549 673 de
1577 633 1848 686 pyramidibus
1871 633 1944 672 illis
1965 633 2067 679 dixit,
2098 632 2208 672 fabu-

255 701 341 740 losa
370 707 471 748 sunt,
499 714 628 753 neque
658 707 844 753 quantum
873 702 913 740 in
941 701 1014 739 hac
1042 714 1174 740 earum
1194 700 1455 754 descriptione
1474 702 1589 741 fuerit
1609 703 1701 749 veri,
1730 701 1847 741 hodie
1867 703 2008 753 poterit
2029 701 2208 747 discerni,

256 783 343 808 cum
372 781 421 808 ne
450 769 572 808 ullum
602 768 761 821 quidem
789 769 940 808 illarum
969 771 1170 822 vestigium
1199 772 1367 822 supersit
1396 771 1461 819 (cf.
1488 771 1700 817 „Memoire
1731 784 1797 808 sur
1825 770 1861 808 le
1890 770 1949 808 lac
1969 769 2018 808 de
2039 770 2207 809 Moeris‘’

254 840 293 875 in
321 837 459 876 Descr.
488 837 538 876 de
566 828 661 890 1’Eg.
690 838 877 888 tom.VI).

443 904 506 945 Ad
534 905 631 945 haec
659 908 750 945 satis
772 905 976 946 commode
997 908 1148 945 annecti
1177 913 1373 959 poterunt,
1403 919 1504 958 quae
1534 912 1733 958 praeterea
1755 905 1804 945 de
1834 905 1985 957 plethro
2007 914 2043 945 ct
2073 919 2207 959 orgya,

254 981 292 1013 et
321 973 370 1012 de
399 973 610 1014 maioribus
639 977 829 1013 mensuris
858 974 907 1013 ab
931 974 1137 1014 Herodoto
1167 977 1472 1014 commemoratis
1501 982 1590 1014 sunt
1619 974 1855 1014 disserenda.
1898 976 1953 1013 Ea
1981 988 2088 1021 vero,
2119 988 2206 1012 cum

255 1044 383 1081 omnia
418 1044 611 1082 communi
640 1042 810 1094 quodam
840 1043 998 1082 vinculo
1031 1045 1312 1091 contineantur,
1348 1050 1391 1081 ut
1420 1057 1465 1082 ex
1492 1045 1538 1082 iis
1568 1043 1715 1094 aliquid
1744 1042 1969 1094 decerptum
1999 1045 2073 1081 iam
2101 1056 2207 1081 nunc

254 1117 418 1150 tractare
447 1112 574 1150 minus
602 1109 764 1163 placeat,
792 1113 832 1150 in
861 1111 1018 1150 alteram
1048 1111 1230 1163 opusculi
1256 1113 1411 1150 remitto
1430 1117 1590 1163 partem,
1619 1110 1698 1158 ubi,
1728 1118 1809 1151 tota
1838 1125 1880 1150 re
1909 1112 1982 1149 iam
2012 1110 2204 1158 absoluta,

255 1185 292 1217 et
327 1178 486 1230 singulis
521 1178 746 1230 quibusque
774 1179 872 1218 locis
906 1179 1146 1231 perlustratis
1175 1181 1274 1217 inter
1303 1192 1425 1230 seque
1455 1182 1685 1230 comparatis
1714 1179 1754 1217 id
1783 1178 1937 1217 taudem
1966 1181 2025 1230 agi
2053 1179 2204 1218 facilius

254 1247 406 1297 poterit,
436 1252 488 1292 ut,
519 1246 624 1297 quali
652 1248 700 1285 sit
727 1248 882 1298 ingenio
912 1248 1124 1298 quantique
1154 1246 1413 1285 aestimandus
1429 1246 1668 1293 Herodotus,
1697 1247 1755 1285 his
1785 1259 1946 1298 quoque
1968 1248 2205 1296 quaestioni-

254 1314 330 1352 bus
361 1313 467 1353 docti
494 1313 703 1353 videamus.
