2572 3423
1283 174 1340 216 14

1164 244 1454 258 mmmm

333 353 428 378 nera
448 340 668 378 cubitorum
697 340 736 375 in
756 338 962 376 Persarum
991 351 1111 388 regno
1132 340 1272 375 usitata
1298 337 1429 383 fuisse,
1459 337 1588 375 multis
1618 336 1799 388 probavit
1820 340 2050 389 argumentis
2065 338 2289 378 Boeckhius

332 409 372 446 in
402 406 503 446 libro
525 406 678 457 saepius
709 403 881 444 laudato.
922 406 1075 445 Horum
1104 404 1200 444 alter
1220 405 1289 457 qui
1316 406 1481 457 regius
1511 403 1738 452 vocabatur,
1767 406 1890 444 maior
1917 405 1990 445 fuit
2019 405 2153 454 altero,
2181 405 2290 445 vul—

334 477 451 527 gari.
482 480 599 525 atque
629 475 681 511 ita
711 474 880 525 quidem,
911 481 953 513 ut
982 476 1081 512 ratio
1111 476 1210 512 inter
1239 486 1308 512 eos
1338 472 1581 512 intercedens
1610 473 1724 511 fuerit
1756 459 1877 519 {32:13³
1909 474 1975 523 (cf.
2003 473 2176 513 Boeckh.
2206 474 2290 512 Me-

333 543 418 580 trol.
439 543 598 581 Unters.
628 544 906 592 p.210-213).
964 544 1106 593 Neque
1136 543 1245 580 aliter
1273 545 1313 579 in
1332 542 1516 592 Aegypto
1546 554 1608 580 res
1638 555 1724 580 sese
1752 541 1898 579 habuit.
1954 543 2069 580 Duae
2087 555 2290 581 mensurae

331 610 386 650 ibi
415 610 557 650 eodem
593 612 749 650 nomine
780 610 996 663 appellatae
1035 610 1299 658 obtinuerunt,
1336 622 1437 661 quae
1471 610 1637 649 Persicis
1672 609 1746 649 illis
1780 611 1861 649 sive
1889 609 2122 662 Babyloniis
2151 610 2290 650 cubitis

336 692 417 719 non
451 681 607 718 nomine
647 679 786 727 solum,
822 678 891 718 sed
929 680 1013 730 ipsa
1043 678 1286 731 longitudine
1323 680 1481 717 omnino
1517 677 1799 731 responderent
1835 678 1902 727 (cf.
1931 678 2105 718 Boeckh.
2135 678 2290 718 Metrol.

334 749 486 786 Unters.
517 761 553 797 p.
582 749 657 785 221
693 760 802 797 seqq.
834 769 883 776 —
917 746 1098 784 concedit
1127 753 1255 784 tamen
1284 747 1334 784 V.
1353 747 1415 793 D„
1449 746 1536 784 fieri
1571 749 1759 797 potuisse,
1795 753 1837 784 ut
1865 747 2151 798 Aegyptiorum
2181 747 2290 785 cubi-

333 823 393 854 tus
431 816 578 866 regius,
615 816 790 865 quamvis
828 815 978 852 ratione
1014 820 1143 852 tantus
1173 813 1334 852 deberet
1373 827 1468 861 esse,
1499 820 1666 864 quantus
1694 814 2007 865 Babyloniorum
2045 813 2200 853 cubitus
2230 828 2290 853 re-

332 884 426 934 gius,
463 894 612 933 reapse,
649 895 738 920 cum
766 883 806 919 in
836 894 949 919 usum
987 880 1144 920 abiisset
1181 881 1390 928 hominum,
1432 881 1552 933 paulo
1590 883 1777 919 minorem
1813 880 1882 919 illo
1921 880 2083 920 haberet
2119 881 2289 934 longitu-

334 951 474 997 dinem,
504 953 666 1001 p.‘.‘28).
724 949 968 988 Graecorum
997 949 1168 999 denique
1199 948 1354 986 cubitus
1383 949 1485 987 idem
1513 950 1596 995 fuit,
1626 962 1671 987 ac
1699 949 1866 1001 vulgaris
1886 949 1952 987 ille
1972 952 2053 987 sive
2073 951 2291 1001 Aegyptius

333 1021 414 1058 sive
433 1018 679 1070 Babylonius
710 1016 875 1056 cubitus.
934 1017 1162 1069 Tantusque
1191 1019 1231 1055 in
1260 1016 1317 1055 his
1346 1016 1465 1055 rebus
1494 1017 1566 1055 fuit
1596 1030 1822 1065 consensus,
1851 1024 1894 1056 ut
1922 1031 2004 1056 non
2033 1020 2140 1069 ipsae
2161 1017 2289 1056 solmn

330 1086 417 1124 illae
456 1086 795 1139 mensuraebinter
833 1098 875 1123 se
913 1091 1184 1137 congruerent,
1220 1083 1290 1123 sed
1327 1098 1461 1123 omnes
1498 1086 1610 1123 etiam
1643 1084 1778 1124 iisdem
1807 1084 2024 1134 rationibus
2055 1093 2092 1125 et
2119 1088 2289 1124 numeris

330 1156 368 1192 in
405 1149 576 1192 minor‘es
613 1159 744 1204 partes
782 1152 1057 1192 dividerentur.
1113 1152 1273 1203 Ubique
1310 1165 1389 1191 uno
1419 1152 1521 1204 pede
1551 1159 1587 1191 et
1618 1152 1777 1192 dimidio
1808 1156 1979 1192 constitit
2008 1153 2174 1201 cubitus,
2209 1156 2290 1192 sive

334 1234 399 1260 sex
428 1221 578 1273 palmiS,
609 1219 758 1271 ubique
786 1220 938 1271 palmus
969 1227 1140 1272 quatuor
1170 1221 1359 1258 continuit
1380 1220 1531 1272 digitos.
1587 1221 1674 1259 Nec
1693 1228 1820 1259 tamen
1840 1223 2024 1268 omittam,
2053 1221 2164 1273 pedis
2183 1234 2290 1260 men-

334 1302 463 1328 suram
500 1289 605 1340 apud
640 1291 858 1341 Aegyptios
888 1295 926 1329 et
954 1288 1201 1340 Babylonios
1231 1290 1356 1327 minus
1395 1302 1510 1339 quam
1545 1287 1666 1326 cubiti
1702 1287 1825 1327 videri
1859 1290 2035 1327 usitatam
2070 1289 2189 1328 fuisse
2225 1290 2289 1337 (cf.

334 1357 506 1396 Boeckh.
536 1358 559 1395 l.
581 1358 605 1395 l.
635 1360 796 1409 p.210).
2211 1396 2214 1399 .

520 1427 598 1464 Iam
637 1439 724 1464 cum
754 1425 936 1464 omnibus
964 1427 1023 1471 iis,
1062 1424 1206 1475 quibus
1236 1431 1438 1475 praeterea
1467 1424 1516 1462 de
1546 1425 1681 1463 cubito
1711 1428 1835 1476 agitur
1864 1425 1973 1472 locis,
2004 1439 2050 1463 ex
2078 1426 2136 1464 his
2165 1425 2289 1464 tribus

330 1500 476 1532 tantum
514 1493 673 1545 populis
715 1496 830 1533 unius
868 1493 1075 1532 alteriusve
1109 1494 1255 1531 mentio
1285 1491 1364 1539 fiat,
1402 1494 1485 1531 veri
1523 1499 1580 1531 est
1619 1492 1861 1541 simillimum,
1905 1492 2010 1545 apud
2041 1493 2290 1533 Herodotum

329 1574 409 1599 non
439 1561 720 1600 discernendos
750 1574 835 1600 esse
865 1560 1032 1606 cubitos,
1062 1563 1136 1598 nisi
1162 1561 1248 1607 hos,
1280 1562 1347 1610 qui
1374 1560 1494 1598 modo
1525 1560 1709 1611 descripti
1728 1567 1828 1607 sunt,
1858 1562 2003 1612 regium
2023 1568 2062 1598 et
2080 1561 2288 1612 vulgarem.

330 1630 504 1668 Diversis
544 1628 853 1680 cognominibus,
898 1628 1042 1680 quibus
1080 1630 1298 1667 accuratius
1335 1628 1433 1666 hanc
1467 1641 1685 1666 mensuram
1720 1627 1891 1675 definiat,
1931 1635 1990 1667 ter
2018 1635 2165 1667 tantum
2194 1642 2288 1668 usus

333 1704 400 1735 est.
457 1697 653 1748 Loquitur
681 1697 709 1745 1,
735 1698 822 1745 178,
853 1702 895 1736 ut
923 1698 997 1735 iam
1027 1709 1145 1748 supra
1174 1694 1263 1743 dixi,
1294 1694 1343 1734 de
1372 1694 1531 1734 duobus
1560 1694 1872 1748 Babyloniorum
1903 1694 2054 1744 cubitis,
2085 1710 2186 1748 quos
2215 1710 2288 1736 no-

332 1767 448 1802 minat
486 1764 724 1811 „fixeroxfibv”
763 1772 800 1804 et
829 1765 1021 1815 ,,με’τριον,”
1060 1777 1309 1815 quorumque
1346 1763 1453 1801 illum
1490 1765 1661 1814 priorem
1697 1763 1822 1802 tribus
1852 1764 1978 1816 digitis
2016 1764 2138 1802 altero
2168 1766 2289 1802 maio—

332 1845 411 1870 rem
450 1846 535 1871 esse
573 1833 698 1871 tradit.
755 1834 898 1871 Iterum
935 1832 1046 1871 affert
1083 1832 1258 1870 cubitum
1294 1828 1351 1871 τᾶν
1379 1830 1571 1878 Bao-‹Arias›
1600 1832 1797 1878 V11,117.
1856 1833 1991 1870 Tertio
2021 1831 2112 1870 loco
2142 1833 2186 1879 11,
2211 1833 2286 1870 168

332 1907 531 1951 comparat
561 1901 797 1952 Aegyptium
825 1900 1011 1947 cubitum,
1043 1913 1123 1951 quo
1153 1899 1207 1937 illi
1237 1900 1413 1938 homines
1443 1901 1504 1937 usi
1533 1901 1608 1938 sint
1636 1901 1675 1937 in
1704 1913 1883 1951 agrorum
1912 1899 2163 1945 dilnensione,
2200 1914 2289 1938 cum

330 1969 548 2007 Samiorum
587 1967 733 2014 cubito,
768 1968 825 2007 his
853 1968 984 2007 verbis
1014 1970 1053 2015 „b
1085 1966 1122 2006 δὲ
1142 1967 1339 2019 Αἰγύπτιος
1368 1967 1495 2017 πῖτχυς
1523 1968 1706 2019 τυγχάνει
1735 1968 1807 2009 ἶσος
1836 1967 1898 2007 ε’ὠν
1926 1968 1977 2020 τῷ
1999 1968 2169 2019 zetum?
2225 1968 2288 2006 De

331 2037 403 2074 hac
442 2050 483 2075 re
521 2036 642 2087 paulo
673 2035 832 2074 uberius
862 2035 1140 2087 disputandum
1169 2042 1237 2073 est.
1293 2034 1517 2074 Boeckhius
1546 2035 1720 2082 (Metrol.
1740 2036 1831 2073 Unt.
1862 2047 1898 2086 p.
1912 2036 2010 2085 223)
2042 2035 2137 2073 haec
2165 2037 2289 2074 nostri

331 2103 462 2151 verba,
502 2118 589 2143 cum
618 2105 835 2143 nesciamus
874 2110 1042 2156 quantus
1070 2103 1290 2143 Samiorum
1320 2102 1474 2142 cubitus
1510 2102 1637 2151 fuerit,
1675 2109 1789 2154 negat
1825 2105 1916 2142 satis
1944 2102 2087 2142 idonea
2116 2116 2213 2151 esse,
2243 2117 2288 2142 ex

331 2172 476 2223 quibus
508 2172 603 2223 quid
639 2171 834 2210 discamus
864 2171 915 2210 de
943 2173 1229 2224 Aegyptiorum
1265 2171 1438 2210 eiusdem
1468 2172 1634 2209 nominis
1663 2183 1852 2209 mensura.
1909 2172 1957 2209 Et
1985 2178 2090 2209 recte
2121 2170 2287 2222 quidem.

330 2240 410 2279 Sed
446 2254 536 2279 cum
571 2240 820 2279 nihilominus
850 2239 1000 2291 aliquid
1030 2239 1158 2278 auxilii
1188 2239 1237 2277 ab
1267 2241 1313 2278 iis
1342 2246 1460 2290 petat,
1500 2251 1629 2289 neque
1658 2238 1903 2279 incommode
1932 2238 1972 2277 id
2000 2239 2124 2286 faciat,
2162 2242 2289 2279 inten-

331 2310 432 2345 tiore
470 2309 596 2346 animo
638 2306 886 2346 observanda
928 2313 1041 2345 erunt
1084 2319 1184 2357 quae
1222 2305 1271 2344 de
1308 2308 1353 2344 iis
1389 2312 1555 2345 censeat.
1619 2306 1745 2358 Ipsius
1781 2307 1868 2345 Viri
1902 2306 2129 2346 Doctissimi
2166 2307 2288 2347 verba

331 2378 499 2425 (p.222)
536 2375 630 2412 haec
667 2381 773 2412 sunt:
813 2376 962 2425 „primo
999 2373 1188 2425 adspectu
1225 2380 1340 2424 patet,
1378 2374 1549 2412 Samium
1585 2386 1666 2411 non
1702 2387 1787 2411 esse
1817 2374 2014 2425 vulgarem
2044 2374 2288 2414 Graecorum

330 2441 517 2488 cubitum,
556 2441 726 2492 ideoque
756 2443 992 2493 Aegyptium
1029 2441 1136 2479 illum
1170 2441 1344 2479 cubitum
1372 2454 1452 2480 non
1482 2453 1671 2491 aequasse
1699 2441 1896 2492 vulgarem
1926 2442 2180 2489 Graecorum,
2216 2446 2288 2482 etsi

331 2509 534 2548 Iomardus
574 2509 652 2547 hoc
690 2508 892 2547 contendit
929 2510 994 2557 (in
1030 2508 1152 2547 libro:
1196 2510 1459 2560 „Exposition
1502 2508 1556 2546 du
1591 2508 1762 2559 systeme
1796 2510 1988 2560 meti-ique
2026 2508 2094 2547 des
2131 2512 2286 2549 anciens

331 2569 566 2628 Egyptiens”
598 2589 714 2627 quem
741 2578 894 2615 invenis
921 2579 962 2615 in
991 2576 1264 2627 „Descriptiou
1285 2576 1333 2615 de
1356 2567 1537 2628 l’Egypte
1557 2585 1647 2616 tom.
1660 2578 1755 2616 V11”
1776 2583 1893 2628 atque
1920 2576 1975 2615 ibi
2004 2577 2161 2629 p.214).
2196 2579 2287 2617 Hoc

333 2646 434 2683 enim
471 2647 503 2683 si
536 2647 588 2683 ita
616 2651 728 2692 esset,
765 2643 996 2684 Herodotus
1026 2657 1107 2684 non
1136 2644 1306 2684 Samium
1334 2644 1411 2684 hoc
1439 2644 1531 2685 loco
1561 2644 1717 2694 diceret,
1753 2645 1825 2685 sed
1853 2644 2050 2698 vulgarem
2080 2645 2285 2686 Graecum.

331 2713 407 2750 Hic
436 2712 552 2762 longe
582 2711 678 2749 alius
708 2713 788 2758 fuit,
817 2726 863 2751 ac
892 2714 1045 2752 Samius
1076 2712 1247 2757 cubitus;
1279 2715 1346 2763 qui
1376 2715 1457 2751 sive
1487 2727 1534 2751 ex
1562 2714 1745 2765 Aegypto
1774 2716 1960 2766 originem
1988 2717 2176 2766 repetivit,
2205 2717 2287 2752 sive

329 2780 557 2832 Babylonio
595 2787 661 2818 aut
706 2783 863 2820 omnino
903 2789 969 2821 aut
1007 2794 1133 2834 prope
1173 2795 1245 2833 par
1285 2794 1369 2821 esse
1409 2784 1553 2834 potuit,
1591 2789 1632 2820 ut
1674 2785 1741 2833 qni
1770 2784 1898 2821 Persis
1938 2783 2099 2822 insulae.
2123 2784 2286 2834 imperio

331 2850 463 2900 potitis
493 2849 651 2888 Samum
690 2849 853 2893 venerit3
894 2855 998 2887 certe
1035 2848 1135 2896 inde,
1176 2848 1286 2900 quod
1314 2849 1542 2890 Herodotus
1579 2864 1659 2890 non
1702 2850 1806 2899 dicit,
1842 2852 2078 2903 Aegyptium
2113 2849 2286 2889 cubitum

333 2915 498 2955 eundem
527 2929 613 2955 esse
643 2930 689 2955 ac
708 2915 984 2967 Babylonium,
1014 2916 1123 2954 nullo
1154 2916 1274 2955 modo
1305 2920 1490 2968 sequitur,
1519 2931 1600 2956 non
1628 2918 1747 2957 fuisse
1777 2918 1938 2958 alterum
1961 2918 2070 2957 alteri
2089 2924 2155 2955 aut
2175 2930 2285 2967 pror-
