2572 3423
1250 130 1309 179 24·

1135 200 1423 223 mmmmm

298 304 376 343 hos
403 304 526 344 cubiti
553 321 597 339 =
614 303 786 350 3614,21
811 295 901 341 cub,
921 300 1010 354 ped.
1031 300 1155 341 Rbeu.
1175 319 1218 336 =
1242 302 1414 350 111,736
1435 301 1524 342 cub.
1546 303 1654 342 metr.
1678 302 1773 356 galla
1804 302 1920 352 unde,
1950 302 2074 344 altero
2093 314 2258 345 numero

302 372 352 412 de
383 373 504 412 altero
534 370 719 419 deducto,
749 370 920 411 efficitur
948 369 1100 424 lapidis,
1130 376 1318 422 quantum
1347 370 1499 411 solidus
1528 372 1612 419 suit,
1640 370 1826 410 volumen
1854 389 1897 407 ==
1929 375 2033 412 1222
2054 371 2167 412 cubis
2189 385 2258 411 cu-

300 440 371 480 biti
401 459 443 475 =
473 439 648 488 3908,47
672 439 784 480 cubis
813 439 903 492 ped.
923 440 996 479 Rh.
1025 457 1069 474 ==
1100 439 1271 487 120‚834
1293 439 1406 479 cubis
1435 441 1543 479 metr.
1568 439 1653 493 gall.
1710 438 1814 479 Cum
1844 447 1973 480 autem
2000 441 2184 490 (testibus
2212 441 2258 480 il·

302 509 346 547 lis
376 507 481 547 doct.
502 508 712 561 Francog.)
741 510 859 548 unius
889 508 981 548 cubi
1009 507 1098 561 ped.
1119 509 1236 547 Paris.
1256 507 1414 561 pondus
1443 510 1483 546 in
1519 508 1587 547 illo
1617 507 1790 561 lapidum
1818 521 1959 560 genere
1988 510 2037 548 sit
2070 511 2146 549 186
2172 509 2257 550 libr.-

299 576 398 631 gall„
427 575 599 630 indeque
628 576 783 617 calculo
803 579 979 618 instituto
1000 576 1166 630 prodeat
1187 576 1331 616 cubum
1351 576 1462 630 pedis
1477 577 1600 616 Rhen.
1616 576 1797 616 habuisse
1816 576 1995 629 pondere
2020 577 2160 625 175,57
2165 578 2187 621 7
2206 578 2258 618 lb.

300 645 469 692 boruss„
515 645 765 684 statuendum
805 652 873 693 est,
917 645 1076 698 pondus
1114 647 1236 684 totius
1275 645 1377 684 illius
1413 645 1553 684 domus
1592 646 1713 685 fuisse
1750 663 1793 680 ==
1830 646 1991 684 686238
2015 644 2068 684 lb.
2101 645 2257 685 boruss;

300 731 343 748 =
373 714 518 760 6238‚5
550 716 650 762 (110
670 713 722 752 lb.
742 713 928 763 boruss.).
985 714 1097 752 Hanc
1125 713 1268 752 molem
1297 713 1551 765 Elephantine
1581 712 1790 765 deportare
1812 713 1915 752 Saim
1945 716 2082 764 quanti
2110 714 2257 753 laboris

300 781 426 827 fuerit,
458 794 504 819 ea
533 794 575 820 re
600 780 828 820 Herodotus
855 780 1124 821 demonstrare
1144 780 1285 829 studet,
1314 781 1426 834 quod
1452 780 1532 820 duo
1550 781 1668 820 millia
1688 781 1885 820 hominum
1904 787 1983 820 tres
2002 794 2126 821 annos
2146 784 2186 821 in
2206 796 2256 822 eo

300 849 543 901 perficiendo
574 851 835 889 consumsisse
863 848 1009 888 scribit.
1062 850 1173 901 Quid
1200 852 1317 902 igitur
1335 849 1509 888 dicamus
1529 848 1578 888 de
1598 849 1744 901 templo
1772 856 1884 888 antea
1904 849 2113 903 descripto,
2143 853 2256 889 cuius

301 918 398 969 lapis
428 918 589 957 inferior
617 913 746 957 tantus
775 918 858 964 fuit,
888 924 931 956 ut
960 920 1105 969 septies
1133 919 1215 958 fere
1245 924 1282 956 et
1310 920 1428 957 vicies
1458 918 1557 957 hanc
1582 919 1732 957 Amasis
1762 917 1921 957 domum
1951 918 2257 969 comprehende-

301 988 371 1025 rit?
428 986 538 1032 Nam,
569 992 612 1024 ut
640 997 687 1025 ex
707 987 890 1038 Aegypto
920 987 1128 1037 superiore
1157 983 1388 1037 deportatus
1417 998 1498 1024 non
1527 985 1654 1033 fuerit,
1682 987 1722 1025 in
1750 987 1835 1037 ipsa
1864 993 1968 1025 certe
1992 986 2118 1026 Butus
2148 985 2257 1025 urbis

300 1055 457 1105 regione
486 1065 567 1091 non
592 1055 772 1091 inventus
800 1058 860 1091 est
883 1052 949 1091 ille
972 1052 1081 1105 lapis.
1129 1053 1181 1091 At
1198 1064 1295 1091 vero
1320 1058 1504 1100 revertas,
1534 1065 1695 1104 quaeso,
1725 1054 1892 1091 animum
1916 1051 1965 1091 ad
1985 1052 2106 1091 verba
2128 1054 2257 1092 Hero-

298 1121 392 1167 doti,
429 1109 575 1172 quibus
610 1120 797 1171 templum
826 1121 1003 1160 Latonae
1032 1120 1217 1159 describit
1254 1123 1304 1169 (c.
1324 1122 1430 1171 155).
1486 1121 1603 1167 Dicit,
1639 1134 1684 1159 ex
1719 1134 1801 1159 uno
1830 1120 1960 1173 lapide
1998 1120 2132 1159 aedem
2161 1134 2256 1161 con-

297 1190 436 1230 fectam
464 1189 587 1229 fuisse
618 1188 673 1237 „33
702 1205 741 1230 τε
766 1187 867 1243 ὕψος
896 1187 960 1230 κά.)
989 1188 1023 1233 ἐς
1051 1188 1201 1242 μῆκος”.
1259 1187 1346 1229 Cur
1375 1190 1502 1229 omisit
1536 1187 1759 1229 adscribere
1788 1187 1874 1236 „nal
1904 1189 1937 1233 ἐς
1966 1186 2099 1241 ὥρας”ἲ
2163 1190 2257 1230 Non

299 1258 480 1312 displicet
508 1256 693 1306 iudicare,
723 1257 907 1297 consulto
936 1258 1014 1298 hoc
1042 1258 1181 1297 fecisse
1210 1263 1398 1305 nostrum,
1427 1270 1477 1297 ne
1498 1259 1588 1310 quis
1617 1271 1640 1297 a
1667 1260 1827 1298 veritate
1857 1257 2042 1298 aberrans
2070 1257 2122 1308 id,
2146 1257 2257 1311 quod

298 1318 381 1379 per·
399 1342 440 1366 se
470 1330 561 1366 satis
590 1326 764 1365 mirabile
794 1334 907 1374 esset,
943 1329 1056 1365 etiam
1086 1334 1245 1378 augeret
1273 1329 1411 1365 mirum
1440 1328 1480 1366 in
1515 1326 1686 1365 modum.
1743 1326 1869 1377 Quod
1904 1328 2110 1379 hucusque
2138 1327 2256 1366 nobis

299 1395 485 1434 accidisse
515 1401 622 1433 ratus
642 1407 760 1441 nunc,
788 1407 870 1433 non
899 1394 1159 1433 monolithum
1188 1395 1309 1433 fuisse
1337 1395 1561 1433 inferiorem
1581 1393 1749 1433 aedificii
1777 1402 1935 1446 partem,
1965 1398 2157 1448 suspicor,
2187 1395 2257 1435 sed

296 1478 342 1503 ex
372 1470 545 1516 quatuor
573 1461 770 1515 lapidibus
801 1464 1033 1511 constitisse,
1069 1462 1216 1516 quibus
1251 1461 1412 1514 singulis
1442 1461 1781 1514 quadragenorum
1816 1462 2040 1502 cubitorum
2073 1464 2190 1503 suerit
2219 1471 2257 1503 et

297 1531 503 1584 longitudo
535 1538 573 1570 et
603 1530 779 1569 altitudo.
835 1531 900 1569 De
928 1533 1040 1570 tertia
1069 1533 1225 1582 parietis
1255 1532 1448 1594 cuiusque
1476 1544 1656 1569 mensura
1684 1530 1777 1569 nihil
1806 1530 1901 1569 dixit
1928 1538 2072 1570 noster.
2126 1531 2258 1582 Quam·

296 1602 443 1638 etiamsi
472 1601 587 1638 trium
617 1605 765 1638 tantum
791 1597 1016 1637 cubitorum
1045 1599 1164 1638 fuisse
1193 1605 1418 1646 statuamus,
1447 1605 1574 1637 tamen
1602 1600 1658 1637 sic
1686 1611 1850 1651 quoque
1878 1600 2090 1650 unicuique
2118 1601 2258 1651 parieti

296 1668 482 1707 volumen
511 1668 600 1706 fuit.
614 1666 722 1706 4800
739 1666 933 1707 cuborum
963 1667 1052 1707 cub.
1068 1667 1182 1719 vulg,
1211 1666 1324 1718 quod
1352 1668 1460 1708 3578
1482 1666 1595 1705 cubis
1626 1666 1715 1705 cub.
1743 1669 1866 1705 maius
1895 1673 1954 1706 est
1982 1680 2099 1719 quam
2129 1666 2256 1706 solida

298 1736 440 1775 doinus
474 1734 639 1774 Saiticae
675 1749 777 1787 pars.
844 1735 945 1775 Satis
980 1738 1097 1788 igitur
1133 1748 1332 1787 superque
1369 1747 1510 1774 causae
1547 1735 1630 1782 suit,
1670 1748 1741 1773 cur
1776 1736 1979 1774 miraretur
2013 1735 2254 1775 Herodotus.

298 1802 692 1844 Animadvertendum
713 1803 754 1843 id
775 1816 939 1857 quoque
960 1810 1031 1852 est,
1057 1818 1144 1843 eum
1163 1804 1240 1843 hoc
1260 1803 1447 1856 templum
1471 1800 1723 1853 ,,μουνο’λιθον”
1739 1804 1860 1843 fuisse
1873 1816 2067 1856 nusquam
2084 1803 2225 1843 dicere.

486 1871 683 1924 Quatuor‚
720 1874 789 1926 qui
816 1879 1030 1926 supersunt
1057 1872 1138 1912 loci
1166 1872 1216 1912 de
1252 1871 1388 1912 cubito
1427 1871 1476 1911 ad
1506 1873 1730 1926 Aegyptum
1765 1885 1848 1912 non
1879 1879 2065 1924 spectant.
2124 1873 2252 1924 Quos,

298 1956 384 1979 cum
424 1940 519 1980 nihil
551 1940 715 1980 habeam
750 1941 861 1994 quod
901 1941 950 1981 ad
990 1944 1244 1994 interpretum
1287 1943 1496 1980 sententias
1535 1940 1684 1989 addam,
1726 1948 1864 1988 tamen,
1906 1954 1956 1980 ne
1990 1940 2087 1993 quid
2119 1941 2254 1981 videar

298 2012 486 2056 omisisse,
521 2009 694 2049 breviter
731 2017 1025 2050 enumeraturus
1066 2023 1162 2049 sum.
1217 2010 1313 2048 Duo
1349 2011 1502 2061 priores
1539 2008 1588 2047 de
1617 2009 1743 2048 insula
1770 2010 1888 2048 Samo
1918 2009 2146 2061 loquuntur,
2183 2010 2254 2050 uhi

297 2078 569 2129 aquaeductus
599 2077 649 2115 ab
678 2078 873 2129 Eupalino
903 2080 1122 2130 Megarensi
1150 2083 1367 2116 exstructus
1404 2076 1657 2115 admiratione
1686 2077 1929 2129 dignissimus
1958 2077 2166 2117 Herodoto
2196 2085 2254 2117 est

294 2149 412 2185 visus.
455 2144 654 2185 Describit
683 2158 771 2185 eum
801 2146 881 2195 (111,
898 2147 969 2196 60)
998 2149 1050 2186 ita
1080 2143 1169 2193 ,διαὶ
1196 2141 1330 2188 oram-0⁸5
1357 2142 1396 2185 δὲ
1426 2144 1543 2185 αὐτοῦ
1571 2144 1669 2194 (scil.
1689 2145 1836 2195 fossae)
1866 2141 1966 2186 ἄλλο
1992 2141 2140 2198 ἔρυγμα,
2163 2146 2254 2186 εἰκο-

295 2214 438 2265 σίπηχυ
467 2210 582 2262 βα’θος
611 2210 816 2266 ὀρώρυκται,
844 2211 985 2266 τρίπουν
1014 2212 1052 2254 δὲ
1075 2212 1114 2255 τδ
1140 2210 1237 2267 εὖρος
1263 2231 1298 2254 κ.
1311 2229 1344 2253 τ.
1358 2213 1417 2253 λ.”
1459 2213 1560 2251 Sunt
1589 2215 1642 2251 20
1658 2211 1779 2252 cubiti
1794 2212 1895 2266 vulg.
1914 2232 1958 2248 =
1986 2212 2252 2262 29‚47‘Rhen„

299 2282 433 2325 Altero
476 2282 569 2321 loco
616 2282 666 2320 de
705 2289 854 2321 cratere
898 2284 1024 2334 agitur
1063 2293 1204 2328 aeneo,
1259 2294 1375 2333 quem
1412 2281 1531 2320 Samii
1571 2295 1658 2320 cum
1701 2283 1845 2334 magnis
1886 2281 2027 2321 divitiis
2066 2283 2251 2323 Tartesso

295 2353 440 2389 revecti
475 2353 651 2388 votivum
688 2352 727 2390 in
757 2351 913 2389 Heraeo
951 2349 1231 2389 collocaverint
1259 2347 1552 2397 „oxonio-mm·
1584 2349 1686 2404 αὐτῷ
1712 2354 1802 2402 τρεῖς
1827 2351 2020 2402 χαλκέους
2052 2349 2255 2394 κολοσσοὺς

295 2414 552 2468 ἑπταπήχεας,
580 2419 671 2457 τοῖσι
698 2415 852 2470 γούνασι
882 2416 1172 2471 ἐρηρεισμε’νους”.
1218 2419 1273 2457 Ex
1295 2417 1425 2457 verbis
1449 2417 1768 2458 antecedentibus
1790 2432 1872 2458 non
1900 2421 1991 2458 satis
2015 2425 2131 2471 patet,
2160 2432 2251 2457 num

294 2490 333 2525 in
362 2485 540 2538 pondere
569 2498 635 2524 sex
656 2485 902 2533 talentorum,
931 2485 1041 2537 quod
1070 2492 1204 2525 noster
1231 2485 1358 2533 tradit,
1388 2486 1657 2537 comprehensi
1685 2486 1828 2525 fuerint
1855 2486 1912 2524 illi
1932 2486 2088 2533 colossi,
2117 2499 2250 2526 necne.

298 2553 420 2604 Quod
449 2555 482 2592 si
511 2560 612 2592 esset
642 2560 896 2605 compertum,
932 2553 1231 2605 magnitudinem
1262 2555 1419 2591 crateris
1448 2555 1569 2604 ipsius
1604 2552 1863 2605 probabiliter
1891 2553 2047 2606 quidem
2082 2561 2252 2593 statuere

297 2635 511 2673 possemus·
554 2620 739 2661 Ceterum
768 2635 950 2662 mensura
979 2630 1127 2674 septem
1157 2621 1381 2661 cubitorum
1411 2623 1548 2660 erectis
1577 2620 1652 2661 illis
1680 2622 1815 2674 figuris
1838 2625 2066 2662 convenisse
2085 2624 2176 2662 mihi
2195 2625 2251 2661 vi-

295 2690 422 2738 detur,
453 2695 507 2736 ut,
537 2702 624 2727 cum
653 2690 814 2742 genibus
843 2697 973 2730 essent
1002 2691 1204 2739 inclinatis,
1233 2703 1325 2729 vere
1356 2691 1506 2729 circiter
1525 2692 1699 2743 quinque
1722 2690 1877 2731 cubitos
1900 2691 1999 2731 altae
2023 2692 2177 2732 suerint.
2199 2714 2247 2721 —

297 2760 381 2798 Alia
411 2764 562 2811 septem
581 2756 804 2796 cubitorum
834 2766 958 2798 statua
977 2760 1323 2807 memoraturssX,
1340 2760 1411 2809 81)
1435 2758 1680 2810 ,,ἑπτα,’πηχυς
1698 2758 1868 2811 χάλκεος
1887 2758 2115 2807 Ποσειδέων”,
2136 2771 2250 2811 quam

297 2829 438 2866 Graeci
468 2825 574 2878 apud
604 2825 780 2864 Plataeas
809 2828 977 2865 victores
1006 2827 1082 2866 deo
1113 2828 1270 2866 Isthmio
1308 2835 1517 2866 sacrarunt.
1549 2851 1598 2858 —
1650 2828 1750 2868 Sunt
1780 2828 1802 2871 7
1826 2827 1915 2866 cub.
1931 2828 2034 2880 vulg.
2053 2846 2095 2862 =
2128 2827 2252 2871 10‚31'

295 2896 417 2934 Rhen·
450 2919 497 2926 -
548 2894 666 2934 Iidem
705 2893 782 2933 deo
814 2894 1007 2946 Olympio
1045 2897 1110 2942 (cf.
1132 2895 1156 2934 l.
1181 2895 1224 2945 l.)
1253 2893 1494 2948 ,δεκάπηχυν
1521 2894 1689 2948 χάλκεον
1717 2896 1792 2938 Διά.
1820 2896 2014 2942 οἰνέθηκαν”
2041 2897 2142 2933 sicut
2176 2895 2249 2931 iam
