2572 3423
1259 186 1316 229 15

1140 256 1428 270 mwmmm

310 365 376 389 sus
417 359 482 389 aut
517 353 599 389 fere
635 351 800 401 parem.⁷’
870 349 993 399 Quod
1030 349 1121 387 inde
1156 361 1237 386 non
1273 351 1404 399 sequi,
1439 351 1677 386 verissimum
1715 352 1796 387 sine
1833 349 1958 388 dubio
1996 356 2073 394 est,
2113 355 2150 386 et
2178 350 2262 399 ipse

311 417 448 466 fateor,
478 430 533 465 ea,
564 430 664 469 quae
683 417 908 457 Boeckhius
930 422 1068 468 postea
1098 417 1287 468 exposuit,
1316 416 1407 455 mihi
1435 418 1686 468 persuasisse,
1715 423 1758 455 ut
1787 419 1869 455 eius
1899 418 2126 457 sententiam
2149 429 2262 456 secu-

308 493 370 525 tus
400 484 614 533 crederem,
645 499 729 524 esse
750 486 968 525 Samiorum
998 483 1169 523 cubitum
1195 484 1275 523 fere
1296 484 1473 532 eundem,
1504 498 1549 523 ac
1567 483 1842 536 Babylonium.
1900 486 2095 533 Attamen,
2126 498 2261 537 quam-

308 556 366 591 vis
401 566 482 591 non
517 556 620 592 omni
655 561 759 591 metu
793 555 953 604 experti,
989 552 1104 591 liceat
1139 553 1228 590 mihi
1263 555 1429 605 ingenue
1465 552 1606 599 dicere,
1645 552 1740 603 quid
1774 555 1813 590 iu
1841 553 1899 590 his
1927 552 2059 590 verbis
2096 555 2153 599 sit,
2196 555 2259 592 cui

308 635 434 674 prona
462 624 650 662 sententia
678 623 853 661 assentiri
881 620 986 659 haud
1014 620 1126 660 facile
1156 622 1362 672 quisquam
1391 623 1525 673 possit.
1565 620 1763 660 Videntur
1792 623 1892 659 enim
1912 623 1983 659 ista
2002 619 2124 659 verba
2142 624 2259 672 magis

308 703 585 743 praerumpere
619 692 675 729 rei
711 692 842 737 aciem,
879 703 994 741 quam
1024 688 1236 729 devertere.
1294 690 1460 729 Primum
1488 703 1569 729 non
1598 691 1729 741 inepte
1758 689 1861 729 sorte
1890 691 1976 741 quis
2006 688 2261 736 contenderit,

308 758 472 797 insulam
501 759 657 797 Samum
686 771 768 796 non
796 764 873 796 tam
902 757 970 796 diu
997 759 1037 795 in
1066 758 1271 795 Persarum
1300 757 1447 797 ditione
1475 758 1613 804 fuisse,
1649 764 1691 796 ut
1724 757 1884 796 credere
1920 759 2046 796 coacti
2074 770 2259 803 essemus,

308 827 512 865 Persarum
549 840 677 866 mores
718 832 756 864 et
791 826 963 864 instituta
1000 824 1055 864 ibi
1096 827 1135 864 in
1177 838 1418 864 communem
1462 840 1574 864 usum
1616 825 1766 864 abiisse.
1847 826 1947 864 Nam
1987 832 2201 876 expugnata
2237 839 2260 863 a

315 894 443 933 Persis
479 896 644 946 primum
683 899 740 931 est
777 906 879 932 anno
912 895 988 932 518
1020 906 1053 931 a.
1075 891 1168 932 Chr.
1187 906 1236 939 n.;
1274 893 1437 932 descivit
1470 906 1557 931 cum
1593 892 1753 945 reliquis
1789 893 1919 932 Ioniae
1955 892 2120 932 urbibus
2157 905 2260 932 anno

311 962 400 1001 504.
474 963 617 1000 Iterum
651 961 770 999 Samii
805 960 1097 999 succubuerunt
1131 964 1212 1013 regi
1248 975 1280 999 a.
1310 961 1408 1008 498,
1450 960 1577 999 donec
1610 960 1764 999 liberati
1808 967 1898 999 sunt
1932 967 2023 1012 post
2067 960 2260 1011 proelium

309 1029 537 1082 Mycalense
574 1043 606 1068 a.
636 1028 732 1076 479,
772 1035 809 1067 et
845 1042 932 1068 mox
968 1031 1007 1067 in
1042 1029 1332 1068 Atheniensium
1367 1029 1506 1068 foedus
1543 1031 1700 1081 recepti.
1757 1030 1894 1081 ltaque
1930 1030 2058 1068 Persis
2095 1028 2261 1068 subiecti

308 1099 465 1137 fuerunt
493 1099 657 1149 primum
694 1110 765 1148 per
794 1096 1098 1148 quatuordecim,
1136 1096 1277 1136 deinde
1313 1111 1385 1149 per
1413 1096 1652 1148 undeviginti
1688 1110 1877 1136 annorum
1906 1099 2091 1149 spatium:
2130 1110 2260 1148 neque

308 1172 457 1217 postea,
494 1178 727 1216 quamquam
763 1165 921 1203 fuerunt
955 1167 994 1203 in
1022 1165 1171 1213 Samiis,
1211 1167 1278 1217 qui
1308 1164 1508 1203 studerent
1543 1166 1583 1203 in
1618 1166 1718 1216 regis
1745 1171 1979 1216 potestatem
2007 1167 2168 1216 patriam
2197 1178 2258 1202 re-

310 1233 451 1284 digere,
487 1232 640 1270 felicem
677 1234 738 1270 isti
774 1239 936 1270 conatus
972 1232 1191 1271 habuerunt
1227 1238 1416 1271 eventum.
1475 1231 1605 1283 Quid?
1646 1232 1688 1271 Si
1723 1238 1800 1270 tam
1829 1245 1966 1283 pamm
1996 1244 2133 1270 secure
2162 1232 2261 1270 hanc

309 1300 473 1339 insulam
501 1298 763 1351 possederunt
784 1300 938 1348 Persae,
968 1299 1170 1351 quomodo
1192 1302 1387 1351 antiquam
1415 1299 1556 1352 populi
1586 1299 1906 1340 consuetudinem
1928 1299 2059 1338 delere
2078 1306 2261 1352 poterant

317 1375 354 1406 et
384 1375 570 1415 evertere,
600 1382 686 1406 cum
716 1370 943 1419 praesertim
972 1370 1011 1406 in
1040 1381 1085 1406 ea
1114 1381 1156 1407 re
1186 1367 1333 1420 aliquid
1361 1374 1510 1407 mutare
1540 1369 1645 1407 omni
1674 1374 1798 1407 aetate
1828 1367 2097 1407 difficillimum
2131 1368 2263 1407 fuerit?

309 1436 389 1476 Sed
418 1436 691 1484 concedamus,
719 1436 760 1474 id
787 1436 874 1475 fieri
902 1438 1096 1488 potuisse;
1124 1444 1205 1476 tum
1233 1451 1314 1476 non
1342 1444 1418 1475 tam
1446 1436 1575 1475 multis
1605 1439 1712 1475 annis
1743 1444 1830 1475 ante
1849 1436 2095 1475 Herodotum
2116 1438 2257 1474 sactum

311 1512 378 1553 est,
408 1512 461 1552 ut,
496 1507 563 1556 qui
592 1505 760 1557 aliquam
787 1507 888 1544 vitae
917 1511 1066 1557 partem
1094 1505 1198 1544 Sami
1227 1504 1385 1557 degerit,
1413 1507 1591 1553 nesciret,
1620 1507 1757 1544 maiori
1784 1507 1868 1544 iure
1898 1506 2094 1544 Persicum
2124 1505 2256 1556 appel-

310 1573 378 1611 lari
415 1573 523 1611 illum
557 1572 741 1619 cubitum,
779 1586 895 1622 quam
924 1573 1105 1610 Samium.
1161 1573 1224 1611 Et·
1239 1587 1331 1611 sane
1361 1573 1517 1624 quidem
1547 1574 1817 1624 peritissimum
1847 1573 1966 1611 fuisse
1994 1580 2167 1611 nostrum
2196 1585 2257 1610 re-

309 1654 394 1679 rum
423 1640 648 1687 Samiarum,
684 1642 831 1691 quippe
868 1643 935 1691 qui
970 1643 1010 1678 in
1044 1640 1238 1679 narrando
1266 1643 1491 1692 saepissime
1520 1640 1569 1678 ad
1599 1654 1663 1678 eas
1691 1648 1876 1687 recurrat,
1912 1654 1986 1679 nec
2013 1643 2094 1678 sine
2124 1639 2256 1678 studio

311 1706 481 1760 quodam
517 1709 558 1747 in
591 1709 637 1747 iis
676 1707 860 1747 ornandis
894 1715 1080 1756 versetur,
1115 1708 1307 1757 omnibus,
1345 1710 1412 1760 qui
1441 1710 1524 1748 eius
1552 1708 1676 1747 libros
1706 1707 1964 1761 perlegerunt,
1997 1710 2089 1747 satis
2119 1714 2258 1746 notum

309 1782 377 1814 est.
434 1777 564 1826 Atque
600 1789 645 1814 ex
683 1775 817 1814 eadem
846 1788 888 1814 re
918 1789 1072 1814 causam
1101 1782 1250 1828 repeto,
1288 1790 1358 1814 cur
1386 1775 1451 1814 illa
1479 1775 1611 1823 verba,
1647 1789 1669 1814 a
1699 1775 1842 1828 quibus
1872 1775 2074 1815 exordium
2103 1774 2261 1814 dicendi

307 1844 399 1882 fecit
425 1843 660 1890 Boeckhius,
689 1856 768 1881 non
797 1856 859 1881 me
892 1843 1111 1882 deterreant
1138 1857 1212 1882 nec
1239 1844 1456 1897 profligent.
1513 1843 1624 1891 Nam,
1660 1845 1692 1882 si
1720 1844 1817 1882 velis
1846 1851 2028 1890 statuere,
2062 1850 2168 1882 recte
2195 1843 2259 1882 Io-

307 1910 482 1949 mardum
501 1911 718 1949 Samiorum
747 1910 919 1949 cubitum
944 1911 1100 1949 Graeco
1130 1911 1273 1950 habere
1301 1925 1434 1963 parem
1463 1911 1717 1963 longitudine,
1746 1911 1845 1962 quid
1872 1912 2044 1963 impedit,
2075 1926 2155 1963 quo
2186 1916 2254 1951 mi—

308 1992 381 2018 nus
411 1977 558 2026 credas,
586 1977 833 2017 Herodotum
854 1992 941 2017 cum
969 1980 1008 2017 in
1029 1979 1248 2018 Samiorum
1276 1978 1375 2018 urbe
1402 1986 1720 2027 commoraretur,
1750 1985 1905 2031 praeter
1933 1979 2026 2019 alias
2055 1994 2117 2019 res
2147 1983 2261 2019 etiam

310 2060 520 2092 mensuras,
551 2059 651 2097 quae
680 2048 720 2084 in
748 2060 824 2084 usu
851 2045 906 2084 ibi
934 2047 1092 2085 fuerunt
1120 2049 1337 2086 accuratius
1367 2049 1610 2100 cognovisse,
1640 2047 1694 2086 ob
1724 2061 1886 2099 eamque
1914 2062 2069 2087 causam
2094 2063 2260 2088 consue-

309 2114 442 2154 tudine
471 2114 681 2154 adductum
709 2114 749 2154 id
778 2128 941 2154 vocasse
962 2115 1131 2154 Samium
1161 2115 1271 2167 quod
1300 2118 1496 2155 communi
1523 2118 1681 2155 nomine
1701 2116 1895 2155 Graecum
1915 2130 2059 2156 vocare
2085 2117 2255 2156 deberet.

309 2182 388 2221 Sed
416 2183 577 2221 multum
607 2182 728 2229 abest,
757 2190 801 2221 ut
827 2185 951 2235 ipsam
978 2196 1069 2231 rem,
1099 2197 1214 2235 quam
1243 2183 1465 2222 Boeckhius
1497 2183 1573 2221 illis
1599 2182 1730 2221 verbis
1757 2184 1929 2234 probare
1957 2185 2114 2231 studuit,
2142 2184 2256 2223 valde

310 2250 543 2289 addubitem.
598 2250 642 2288 Id
671 2257 817 2289 tantum
847 2250 1034 2290 credibile
1062 2265 1144 2290 non
1171 2250 1335 2299 videtur,
1370 2265 1458 2290 cum
1485 2251 1613 2289 Persis
1642 2263 1767 2288 novas
1795 2252 1835 2289 in
1862 2250 1966 2288 illam
1994 2252 2158 2290 insulam
2187 2256 2256 2291 mi-

309 2331 437 2371 grasse
465 2330 674 2364 mensuras,
702 2330 843 2368 neque,
872 2320 905 2356 si
934 2318 1017 2357 aliis
1047 2318 1097 2357 de
1126 2320 1253 2358 causis
1281 2317 1499 2371 probabilis
1529 2324 1630 2366 esset
1658 2316 1824 2356 Iomardi
1849 2320 2049 2367 sententia,
2078 2321 2118 2371 in
2139 2333 2184 2358 ea
2204 2334 2257 2367 re,

310 2386 419 2438 quod
448 2392 584 2424 auctor
613 2384 662 2423 de
691 2385 821 2423 Samio
852 2384 985 2423 cubito
1015 2385 1201 2436 loquitur,
1231 2385 1300 2423 ubi
1329 2386 1505 2424 Graecus
1535 2385 1721 2423 dicendus
1751 2391 1843 2432 erat,
1882 2398 2056 2438 magnam
2085 2387 2257 2427 viderem

309 2453 585 2492 difficultatem.
632 2452 759 2491 Multo
788 2455 943 2492 maioris
962 2456 1156 2501 momenti,
1184 2467 1269 2492 mea
1289 2452 1445 2503 quidem
1465 2455 1662 2499 sententia,
1690 2452 1812 2491 verba
1841 2454 2012 2502 ,,πηχε’ωυ
2030 2455 2257 2506 Αἰγαπτίων”

309 2528 409 2568 sunt,
446 2533 546 2572 quae
576 2527 663 2558 ante
698 2520 830 2558 locum
867 2534 984 2572 supra
1021 2523 1252 2573 exscriptum
1280 2521 1450 2573 legimus.
1509 2519 1618 2571 Quid
1647 2526 1704 2558 est
1733 2522 1845 2568 enim,
1875 2521 1986 2572 quod
2014 2522 2257 2571 Herodotus,

309 2602 397 2627 cum
425 2594 537 2626 antea
565 2590 640 2627 iam
669 2590 824 2639 saepius
854 2595 892 2627 et
920 2590 1123 2641 Aegyptiis
1153 2588 1310 2641 quidem
1339 2591 1378 2627 in
1406 2588 1525 2627 rebus
1555 2587 1676 2627 cubiti
1702 2601 1882 2627 mensura
1910 2603 2005 2628 usus
2035 2592 2096 2639 sit,
2129 2605 2259 2644 neque

309 2656 391 2696 ullo
426 2654 549 2694 verbo
579 2654 726 2704 dixerit,
764 2655 936 2695 cubitum
964 2658 1249 2710 Aegyptiorum
1284 2657 1333 2697 ab
1371 2658 1448 2696 alio
1487 2657 1657 2709 quodam
1687 2670 1773 2696 esse
1803 2656 2011 2708 diversum,
2048 2673 2154 2699 nunc
2182 2662 2259 2700 hoc

311 2737 391 2763 non
411 2724 573 2762 omittit?
609 2723 767 2773 Quodsi
788 2726 916 2761 omnia
944 2726 1272 2776 circumspexeris,
1301 2725 1388 2762 fieri
1416 2725 1528 2762 facile
1557 2726 1734 2777 potuisse
1764 2726 1950 2775 invenies,
1977 2735 2023 2767 ut
2051 2730 2090 2767 in
2121 2731 2258 2768 ceteris

308 2793 427 2832 rebus
462 2792 664 2843 hucusque
700 2794 1006 2831 commemoratis
1043 2793 1119 2831 hoc
1155 2792 1365 2844 negligeret
1394 2800 1532 2832 auctor
1559 2800 1782 2845 propterea,
1819 2797 1911 2845 quia
1940 2810 2001 2834 res
2029 2796 2257 2848 descriptae,

309 2868 467 2908 statuae,
501 2859 673 2907 obelisci,
703 2858 892 2907 aedificia,
921 2860 1002 2899 Nili
1030 2867 1178 2908 auctus,
1205 2861 1270 2900 vel
1299 2860 1348 2900 ad
1377 2863 1537 2900 minoris
1558 2875 1629 2901 seu
1647 2862 1816 2914 vulgaris
1844 2863 1966 2902 cubiti
1983 2864 2141 2902 modum
2162 2878 2257 2904 con-

309 2929 494 2968 formatae
522 2928 690 2976 fuerunt,
724 2927 788 2966 vel
816 2930 848 2966 si
877 2927 1033 2967 alteram
1063 2935 1320 2980 sequerentur
1347 2943 1576 2977 mensuram,
1606 2943 1688 2969 non
1716 2937 1792 2969 tam
1820 2944 1989 2983 magnae,
2026 2938 2069 2970 ut
2097 2934 2169 2970 ista
2199 2933 2257 2972 di-
