2572 3423
1272 148 1331 192 93

1159 218 1447 236 mm

330 314 569 356 altitudinem
605 314 722 353 huius
756 314 877 365 partis
911 311 1084 361 indicari,
1119 325 1237 365 quam
1274 318 1319 352 ut
1353 325 1443 352 cum
1470 312 1644 353 Wessel.
1674 320 1713 354 et
1740 313 1955 368 Schweigh.
1985 321 2162 362 statuam,
2192 327 2278 354 esse

327 383 432 425 illam
465 389 637 435 „partem
669 383 761 421 tecti
788 387 942 433 praeter
970 395 1124 426 murum
1151 380 1484 434 praeminentem?
1539 381 1630 420 Hoc
1657 383 1758 421 enim
1786 395 1834 422 ex
1861 390 1943 422 tota
1970 396 2014 423 re
2042 389 2161 436 patet,
2197 383 2277 422 He·

325 451 512 493 rodotum
540 449 635 489 nihil
663 449 770 488 aliud
797 449 983 497 voluisse,
1010 451 1084 489 nisi
1111 448 1375 502 magnitudine
1403 448 1573 489 duorum
1601 448 1786 501 lapidum,
1816 463 1839 490 e
1867 451 2012 502 quibus
2040 451 2182 492 domus
2211 451 2278 490 illa

326 520 509 566 constitit,
549 523 730 558 accurate
766 516 971 569 descripta,
1006 516 1198 558 lectorum
1232 519 1382 558 animos
1417 529 1466 557 eo
1501 516 1708 566 adducere,
1746 523 1792 557 ut
1825 519 1913 558 iure
1945 520 2163 570 meritoque
2199 519 2277 560 hoc

325 586 511 639 templum
547 599 593 624 ex
621 581 816 633 omnibus,
852 598 955 637 quae
989 584 1046 623 ibi
1071 585 1242 633 vidisset,
1280 598 1429 625 summa
1466 584 1719 625 admiratione
1755 585 2019 638 dignissimum
2048 588 2123 638 ipsi
2150 590 2274 625 visum

326 668 411 695 esse
439 654 705 706 intelligerent.
762 653 941 705 Cognitis
968 659 1097 693 autem
1132 653 1325 693 inferioris
1353 652 1493 705 lapidis
1520 655 1713 716 mensuris
1742 653 1792 694 ad
1819 653 2063 695 indicandam
2094 656 2276 706 superio—

324 724 378 763 ris
413 721 713 776 magnitudinem
749 721 824 766 alia
857 734 901 761 re
928 734 1010 761 non
1038 734 1143 774 opus
1171 721 1256 770 fuit,
1291 722 1366 762 nisi
1394 722 1555 775 exprimi
1583 721 1835 771 altitudinem,
1875 736 1963 762 cum
1992 721 2275 776 longitudinem

325 799 364 831 et
392 791 633 830 latitudinem
660 793 735 830 iam
765 796 971 837 constaret,
999 790 1121 830 fuisse
1149 792 1301 830 circiter
1330 790 1383 830 40
1403 791 1637 830 cubitorum.
1693 792 1819 831 Paulo
1848 794 1948 831 enim
1977 793 2082 830 hunc
2105 792 2274 844 lapidem

325 858 537 913 parietibus
565 861 825 913 prominuisse
846 857 1164 898 verisimillimum
1192 866 1261 898 est.
1328 859 1416 899 Nec
1443 865 1571 898 tamen
1598 861 1725 899 minus
1754 867 1845 913 apte
1867 862 1955 913 quis
1982 859 2128 907 dixerit,
2158 860 2274 899 huius

322 931 446 981 ipsius
474 930 756 981 prominentiae
791 939 1010 967 mensuram
1027 934 1084 966 ‹ut
1110 927 1280 968 traderet
1307 927 1432 967 multo
1460 930 1580 980 magis
1608 928 1803 968 Herodoti
1830 930 2062 975 interfuisse,
2097 932 2190 980 quia
2217 930 2273 967 la-

321 996 452 1050 pidem
480 998 722 1049 superiorem
749 997 924 1036 inferiori
951 997 1026 1037 iam
1054 1010 1265 1050 permagno
1292 995 1358 1037 vel
1386 1003 1478 1039 octo
1508 995 1650 1037 cubitis
1678 1004 1717 1037 et
1744 996 1962 1051 longiorem
1992 1011 2078 1037 esse
2101 1004 2141 1037 et
2160 997 2274 1037 latio-

322 1079 415 1113 rem,
450 1067 533 1106 sine
568 1064 693 1105 dubio
728 1066 864 1104 maiori
900 1077 988 1104 eum
1008 1063 1198 1105 -afficeret
1224 1077 1386 1105 necesse
1412 1065 1487 1105 fuit
1514 1064 1780 1114 admiratione,
1814 1079 1932 1119 quam
1959 1072 2132 1117 quatuor
2161 1064 2273 1104 cubi-

321 1141 452 1174 torum
479 1148 569 1173 eum
597 1133 741 1172 habere
770 1132 1021 1181 altitudinem,
1050 1132 1161 1185 quod
1188 1146 1260 1184 per
1287 1147 1330 1172 se
1357 1134 1512 1172 minime
1538 1134 1677 1172 mirum
1704 1135 1831 1173 fuerit.
1886 1135 2023 1173 Bestet
2050 1136 2166 1185 igitur
2194 1133 2271 1172 sub

321 1202 451 1243 iudice
473 1202 531 1242 lis.
566 1200 753 1240 Ceterum
776 1200 829 1240 40
848 1199 972 1240 cubiti
990 1200 1094 1253 vulg.
1116 1218 1160 1236 ==
1182 1199 1310 1249 58‚93‘
1330 1200 1455 1240 Rhen.
1477 1207 1516 1240 et
1539 1200 1674 1241 64000
1695 1201 1786 1241 cubi
1807 1200 1897 1241 cub.
1918 1202 2022 1253 vulg.
2044 1219 2087 1236 =
2108 1201 2272 1243 204700

322 1270 435 1311 cubis
464 1268 575 1323 pedis
604 1269 728 1308 Rhen.
759 1291 808 1299 —
853 1267 985 1320 Quam
1013 1270 1206 1322 ingentem
1234 1270 1351 1308 unius
1379 1268 1519 1322 lapidis
1547 1269 1847 1322 magnitudinem
1877 1272 1947 1322 qui
1969 1268 2148 1309 dubitent
2171 1272 2271 1308 acci-

320 1352 428 1391 pere,
456 1338 587 1389 neque
614 1338 756 1376 iniuria
783 1336 824 1376 id
851 1337 1003 1385 faciant,
1033 1336 1083 1376 ad
1111 1350 1157 1377 ea
1184 1339 1404 1389 respiciant,
1422 1351 1536 1389 ·quae
1563 1351 1653 1378 mox
1683 1338 1731 1377 ad
1760 1339 1859 1378 hanc
1886 1352 1967 1377 rem
1993 1337 2272 1377 absolvendam

322 1406 464 1447 dicturi
491 1419 636 1446 sumus.
710 1405 838 1444 Antea
874 1407 975 1445 enim
1012 1404 1292 1445 transeundum
1330 1412 1391 1446 est
1427 1405 1479 1446 ad
1503 1404 1675 1458 ·,,οἴκημ.α.
1707 1404 1939 1459 μουνόλιθον”
1975 1405 2086 1458 quod
2118 1407 2272 1450 Amasis

319 1488 404 1522 rex,
440 1474 639 1513 montibus
675 1486 802 1525 prope
828 1473 1111 1525 Elephantinen
1143 1476 1226 1512 sitis
1255 1475 1443 1522 excisum,
1482 1474 1587 1514 Saim
1615 1477 1868 1527 transportari
1902 1477 2076 1514 iusserat.
2132 1473 2269 1512 Verba

319 1543 381 1592 (11,
401 1543 495 1592 175)
523 1543 619 1581 haec
645 1549 736 1581 sunt
763 1558 848 1589 ,,της
875 1541 914 1582 δὲ
941 1540 1070 1594 στέγης
1096 1557 1232 1587 τιυτης
1258 1539 1298 1583 ‘to‘
1324 1539 1393 1594 μὲν
1425 1560 1543 1594 μηκος
1569 1542 1692 1598 ἷξωθέν
1720 1544 1794 1585 ἐστι
1830 1559 1876 1587 εις
1902 1560 1942 1584 τε
1971 1561 2036 1584 neu
2063 1542 2169 1584 εἴκοσι
2198 1560 2267 1587 πη-

314 1626 414 1664 χεες,
439 1608 537 1664 εὖρος
564 1609 603 1652 δὲ
630 1608 956 1663 τεο-σερεςκοιιὸεκαι,
982 1607 1083 1664 υψος
1108 1594 1175 1652 δὲ.
1176 1607 1279 1653 ὀκτω.
1320 1626 1445 1653 ταυτα.
1470 1609 1539 1664 μὲν
1567 1629 1616 1655 τα.
1641 1610 1761 1665 μέτρω
1797 1609 1921 1667 ἔξωθεν
1956 1628 2017 1657 της
2044 1610 2171 1664 στέγης
2205 1610 2268 1656 τῆς

316 1677 529 1732 μουνολιθου
559 1677 642 1727 ἐστι’,
677 1676 772 1731 drap
801 1677 924 1720 ἔσωθεν
951 1694 990 1720 το
1017 1680 1135 1731 μῆκος
1160 1678 1408 1722 &mmmmm
1436 1678 1584 1731 πηχίων
1619 1697 1683 1720 ma
1710 1679 1875 1734 πυγόνος,
1909 1681 1950 1721 ro*
1976 1678 2015 1721 δὲ
2049 1677 2147 1732 εὖρος
2174 1677 2270 1720 δυό-

317 1748 410 1791 δεκα·
436 1748 596 1799 πηχέων,
623 1746 664 1789 τὸ
691 1747 730 1790 δὲ
748 1747 848 1801 mla&
873 1746 976 1790 πέντε
1002 1746 1149 1801 πηχέων
1178 1747 1290 1789 imm.
1346 1750 1389 1788 In
1412 1748 1542 1790 verbis
1569 1749 1677 1789 nulla
1705 1757 1764 1789 est
1783 1749 2005 1796 difficultas,
2033 1762 2165 1800 neque
2194 1749 2267 1787 hos

316 1829 502 1857 numeros
531 1818 657 1856 minus
687 1816 889 1869 diligenter
918 1830 1003 1857 esse
1025 1824 1271 1869 computatos
1302 1816 1489 1857 credibile
1517 1825 1586 1867 est,
1615 1821 1718 1870 quia,
1747 1820 1780 1858 si
1807 1818 1884 1859 hoc
1910 1820 1965 1858 ita
1993 1825 2107 1865 esset,
2136 1818 2265 1856 Hero-

318 1885 436 1925 dotus
470 1887 553 1924 sine
582 1885 704 1925 dubio
735 1898 809 1937 pro
839 1884 1086 1927 ὀκτωκαίδεκα.
1113 1885 1262 1937 πηχέων
1295 1885 1360 1927 καὶ
1389 1884 1545 1940 πυγόνος
1579 1890 1798 1940 scripsisset
1827 1886 2081 1928 ἐννεακαίδεκα
2107 1885 2266 1937 πηχέων.

316 1954 406 1994 Fuit
433 1955 548 2006 igitur
574 1953 678 1993 illius
707 1952 848 1993 domus

1169 2024 1405 2061 extrinsecus

587 2089 793 2142 longitudo
822 2108 865 2124 =
894 2091 941 2128 21
967 2089 1056 2128 cub.
1072 2089 1175 2142 vulg.
1204 2108 1248 2125 =
1274 2089 1541 2138 30,94'Rhen.
1569 2109 1613 2126 =
1642 2093 1757 2138 9‚711
1782 2093 1890 2130 metr.
1905 2091 1991 2143 gall.

586 2157 751 2198 latitudo
822 2178 865 2194 =
897 2157 945 2199 14
1003 2184 1019 2189 -
1117 2184 1133 2189 -
1203 2177 1246 2194 =
1275 2160 1393 2207 20‚63
1469 2184 1485 2189 -
1569 2178 1612 2195 =
1641 2158 1759 2207 6,474
1818 2185 1834 2190 -

586 2226 751 2265 altitudo
821 2245 865 2263 =
921 2230 945 2267 8
1002 2252 1019 2257 -
1118 2251 1132 2257 -
1202 2245 1245 2262 =
1277 2228 1392 2275 11‚79
1467 2251 1484 2257 -
1566 2245 1609 2262 =
1637 2228 1757 2275 3,699
1814 2252 1831 2256 -

1183 2367 1185 2369 Ι
1235 2320 1339 2358 intus

585 2385 790 2438 longitudo
806 2386 943 2440 =18⁵2⁶
965 2385 1053 2425 cub.
1068 2387 1170 2439 vulg.
1200 2404 1244 2421 =
1272 2388 1335 2434 27,
1339 2388 1402 2429 75¹
1414 2388 1539 2427 Rhen.
1568 2405 1610 2422 =
1642 2389 1758 2435 &709
1778 2390 1886 2426 moi-tr.
1902 2388 1987 2439 gall.

584 2454 749 2494 latitudo
806 2473 849 2490 =
868 2456 916 2494 12
1001 2479 1017 2485 -
1116 2479 1131 2484 -
1201 2473 1252 2491 =
1277 2456 1337 2503 17
1341 2457 1392 2495 68
1468 2480 1485 2486 -
1569 2474 1612 2491 =
1643 2456 1760 2503 5549
1818 2481 1834 2486 —

586 2523 749 2563 altitudo
806 2542 850 2559 =
891 2525 914 2563 5
1001 2548 1016 2553 -
1115 2545 1148 2553 -·
1200 2542 1244 2559 =
1300 2524 1390 2573 7,·37
1467 2549 1483 2555 -
1567 2542 1610 2561 =
1640 2526 1758 2571 2,·312
1816 2550 1830 2554 -

501 2637 588 2676 Viri
616 2635 723 2676 docti
750 2637 938 2689 Francog.
967 2636 1033 2687 (cs.
1052 2637 1187 2678 Baehr.
1208 2637 1258 2678 ad
1285 2637 1321 2677 h.
1341 2636 1384 2688 l.)
1412 2638 1528 2678 huius
1562 2637 1673 2678 molis
1702 2635 1860 2690 pondus
1895 2638 2071 2677 invenire
2100 2637 2261 2678 studue-

311 2712 412 2746 runt.
467 2704 548 2744 Sed
577 2718 669 2744 cum
693 2718 830 2749 eorum
860 2705 1014 2744 calculo
1037 2705 1159 2744 cubiti
1186 2708 1342 2744 maioris
1370 2719 1551 2744 mensura
1578 2707 1783 2757 supposita
1811 2708 1871 2754 sit,
1899 2708 2012 2746 nimis
2041 2710 2167 2759 magni
2194 2709 2260 2746 ha-

311 2774 431 2821 bendi
458 2780 549 2813 sunt
577 2775 646 2825 qui
681 2772 879 2825 prodeunt
915 2774 1077 2812 numeri.
1135 2772 1227 2824 Qua
1256 2772 1306 2812 de
1335 2786 1453 2812 causa
1485 2771 1600 2813 liceat
1633 2773 1806 2814 breviter
1835 2774 1935 2814 hanc
1961 2789 2042 2815 rem
2070 2783 2258 2827 repetere.

312 2843 510 2890 Volumen
538 2843 659 2880 totius
686 2840 825 2895 lapidis
843 2839 1186 2893 complectebatur
1215 2842 1322 2881 2352
1344 2840 1471 2881 cubos
1502 2841 1625 2882 cubiti
1651 2843 1768 2896 vulg„
1797 2845 1867 2896 qui
1894 2850 1984 2882 sunt
2011 2861 2054 2877 =
2083 2845 2257 2890 7522,ὁὸ

312 2913 423 2954 cubis
451 2911 540 2965 ped.
559 2911 632 2950 Rh.
652 2929 695 2946 =
724 2910 897 2959 232,570
917 2909 1029 2951 cubis
1051 2911 1163 2950 metr.
1185 2910 1290 2963 gall.;
1326 2924 1464 2951 cavum
1493 2919 1633 2961 autem,
1668 2912 1779 2967 quod
1806 2914 1908 2952 intus
1939 2912 2022 2958 fuit,
2063 2914 2169 2953 1130
2190 2927 2258 2953 cu·
