2572 3423
291 769 442 851 Saepe
470 801 616 848 solent,
653 801 795 852 quibus
825 800 1047 840 huiusmodi
1067 799 1191 839 libelli
1217 799 1359 839 edendi
1380 806 1486 846 sunt,
1524 800 1573 839 de
1602 802 1728 839 causis
1761 800 1951 839 nonnulla
1984 803 2240 851 praemittere,

293 867 435 918 quibus
471 868 629 908 adducti
663 869 762 908 hanc
792 869 945 908 illamve
980 882 1060 908 rem
1094 866 1332 907 tractandam
1368 866 1444 907 sibi
1471 870 1759 920 proposuerint.
1816 869 1956 921 Neque
1985 882 2070 921 ego,
2107 883 2241 921 quam-

291 949 416 987 quam,
447 950 526 989 quo
546 939 671 977 minus
692 937 731 977 id
758 937 935 985 facerem,
964 938 1051 990 vagi
1070 935 1226 989 quidam
1253 936 1396 976 horror
1423 935 1619 976 deterrere
1638 949 1699 976 me
1718 935 1889 985 volebat,
1918 937 2017 976 hanc
2037 950 2239 978 causarum

293 1007 575 1057 expositionem
610 1008 724 1058 potui
761 1007 951 1059 effugere,
991 1007 1081 1057 quia
1116 1018 1178 1045 res
1213 1004 1262 1044 ad
1291 1004 1538 1045 scribendum
1568 1019 1590 1043 a
1618 1019 1680 1044 me
1709 1005 1833 1045 electa
1862 1019 1949 1045 cum
1978 1007 2089 1045 nimis
2118 1005 2244 1045 aliena

290 1072 497 1113 videbatur
534 1088 618 1114 esse
655 1089 676 1113 a
712 1077 906 1114 communi
942 1076 1112 1113 omnium
1149 1072 1279 1113 studio
1316 1081 1354 1114 et
1391 1074 1659 1122 delectatione,
1696 1074 1867 1126 ideoque
1901 1087 1983 1113 non
2012 1077 2103 1113 satis
2140 1081 2240 1127 apta,

292 1155 391 1193 quae
420 1145 609 1195 gymnasii
636 1144 793 1182 annales
823 1142 1084 1190 antecederet,
1120 1149 1201 1180 tum
1237 1144 1323 1194 ipsa
1349 1156 1421 1194 per
1450 1155 1491 1180 se
1521 1141 1734 1190 difficilior,
1771 1156 1886 1194 quam
1913 1145 1976 1181 cui
2001 1142 2240 1195 subigendae

290 1212 392 1248 vires
428 1212 511 1248 eius
548 1210 790 1259 sufficerent,
830 1224 946 1262 quem
979 1223 1108 1262 neque
1145 1211 1215 1248 otii
1250 1209 1487 1249 abundantia
1521 1223 1690 1262 unquam
1727 1209 1899 1258 adiuvat,
1933 1223 2062 1261 neque
2098 1213 2240 1263 ingenii

291 1277 460 1317 ubertas.
523 1279 729 1318 Excusatio
767 1281 881 1331 igitur
917 1292 962 1317 ex
998 1280 1123 1318 causis
1162 1277 1332 1330 petenda
1366 1278 1455 1323 fuit;
1496 1291 1660 1329 quarum
1696 1291 1811 1317 unam
1848 1277 1937 1318 dico
1975 1279 2074 1318 hanc
2109 1279 2239 1319 fuisse.

291 1346 401 1385 Sicut
439 1348 540 1386 enim
568 1347 656 1386 Viri
692 1361 838 1387 summe
873 1345 1088 1394 reverendi,
1128 1349 1206 1399 qui,
1235 1353 1278 1386 ut
1313 1346 1533 1386 scholarum
1568 1347 1751 1386 historiae
1785 1349 1931 1400 optime
1959 1350 2240 1400 prospicerent,

291 1416 389 1452 hanc
418 1415 613 1452 annalium
641 1418 891 1467 scriptionem
921 1417 1129 1465 quotannis
1156 1428 1358 1452 recurrere
1386 1415 1608 1460 voluerunt,
1641 1415 1746 1452 aliud
1782 1418 1864 1452 sine
1901 1414 2025 1452 dubio
2062 1429 2144 1453 non
2179 1429 2239 1453 se-

292 1486 371 1520 cuti
404 1491 494 1521 sunt
530 1484 745 1529 consilium,
781 1486 854 1521 nisi
882 1491 935 1530 ut,
966 1483 1060 1533 quid
1089 1491 1246 1534 agerent
1274 1483 1443 1529 scholae,
1480 1497 1595 1532 quam
1622 1486 1722 1521 viam
1751 1491 2088 1534 persequerentur,
2126 1485 2238 1521 facile

290 1556 426 1601 posset
461 1549 510 1589 ab
550 1549 730 1591 omnibus
765 1552 946 1603 perspici,
981 1552 1034 1590 ita
1068 1552 1180 1590 etiam
1217 1550 1293 1590 hoc
1322 1548 1634 1590 dissertationum
1664 1549 1953 1590 scribendarum
1983 1549 2157 1590 officium
2186 1564 2235 1591 eo

290 1616 405 1657 nobis
440 1619 662 1671 impositum
696 1632 781 1658 esse
810 1620 967 1659 nomine
995 1631 1148 1672 semper
1176 1617 1333 1667 credidi,
1369 1624 1412 1657 ut
1440 1619 1651 1670 unicuique
1679 1624 1856 1658 nostrum
1884 1617 1996 1658 locus
2026 1617 2139 1658 detur
2168 1617 2239 1658 ubi

291 1699 437 1735 eorum,
476 1700 576 1738 quae
606 1700 654 1726 eo
690 1700 816 1740 usque
845 1690 974 1741 egerit,
1002 1687 1160 1739 publice
1187 1686 1326 1726 reddat
1352 1688 1551 1734 rationem,
1587 1700 1686 1725 neve
1715 1700 1788 1725 nos
1818 1700 1962 1734 omnes,
1992 1690 2112 1726 instar
2141 1687 2238 1739 lapi-

290 1754 382 1793 dum
411 1757 450 1794 in
478 1755 677 1808 profundo
706 1755 1009 1804 reconditorum,
1046 1758 1114 1807 qui
1142 1754 1357 1807 chalybem,
1395 1757 1519 1807 ignem
1549 1769 1593 1794 ex
1622 1769 1708 1794 sese
1738 1756 1965 1803 eliciturum,
2000 1756 2145 1795 frustra
2175 1770 2237 1795 ex-

289 1829 476 1873 spectent,
505 1826 557 1861 ita
586 1825 833 1862 occasionem
863 1823 1136 1870 desideremus,
1167 1837 1244 1874 qua
1273 1822 1405 1861 oblata
1433 1823 1650 1862 studiorum
1672 1824 1819 1862 fructus
1838 1823 1904 1861 vel
1923 1823 2090 1862 aliorum
2110 1824 2237 1863 oculis

290 1889 492 1936 subiicere,
527 1891 590 1929 vel
626 1893 749 1929 ventis
778 1890 930 1930 tradere
959 1893 1164 1943 possimus.
1221 1890 1364 1929 Omnia
1392 1897 1519 1929 autem
1549 1905 1649 1942 quae
1676 1904 1749 1929 nos
1770 1893 1928 1943 agimus,
1958 1898 2025 1929 aut
2044 1893 2083 1929 in
2103 1892 2240 1930 schola

289 1957 390 1996 fiunt
425 1964 491 1996 aut
527 1964 631 1997 extra
664 1958 853 2005 scholam;
889 1972 1005 2010 quam
1034 1958 1088 1997 ob
1118 1971 1272 1997 causam
1300 1959 1441 1997 horum
1470 1958 1688 1997 studiorum
1717 1958 1881 1997 alterum
1910 1965 2039 1998 utrum
2068 1961 2139 1998 erit
2168 1959 2239 1997 eli-

288 2025 466 2077 gendum,
496 2028 606 2064 cuius
635 2028 830 2077 specimen
859 2026 952 2065 edas
979 2029 1019 2065 in
1047 2026 1258 2078 publicum.
1315 2028 1366 2064 At
1393 2039 1489 2064 vero
1519 2029 1601 2065 eius
1631 2039 1788 2078 operae,
1826 2040 1927 2077 quae
1957 2027 2237 2079 discipulorum

288 2096 450 2145 ingeniis
488 2101 526 2133 et
562 2096 695 2132 animis
732 2094 915 2133 tribuitur
944 2093 1177 2141 excolendis,
1215 2107 1303 2132 cum
1332 2093 1438 2132 aliud
1466 2107 1547 2133 non
1576 2102 1697 2133 exstet
1727 2098 1869 2134 certius
1897 2109 1972 2134 nec
2000 2096 2235 2135 manifestius

290 2161 581 2210 documentum,
622 2176 736 2214 quam
774 2162 884 2216 quod
919 2164 959 2201 in
993 2164 1087 2216 ipsis
1123 2161 1320 2214 quondam
1354 2162 1525 2202 futurum
1559 2164 1607 2202 sit
1644 2161 1855 2215 discipulis,
1895 2170 1933 2203 et
1962 2178 2048 2203 cum
2077 2163 2234 2203 annales

290 2230 447 2268 scholae
472 2222 633 2268 brevem
662 2231 764 2269 illius
794 2229 1007 2282 praebeant
1035 2236 1298 2282 conspectum,
1335 2231 1412 2267 hoc
1441 2243 1560 2268 unum
1589 2237 1734 2267 tantum
1763 2230 1851 2269 fieri
1879 2244 1997 2282 posse
2026 2230 2234 2270 arbitratus

289 2312 384 2346 sum,
413 2305 456 2337 ut
484 2311 616 2338 earum
643 2312 784 2346 rerum,
815 2299 958 2350 quibus
988 2301 1110 2339 otium
1139 2312 1278 2338 ornare
1307 2300 1424 2337 simus
1454 2298 1568 2345 soliti,
1596 2304 1743 2350 partem
1764 2312 1809 2337 ex
1835 2298 1971 2338 umbra
1997 2307 2235 2352 protractam

289 2370 504 2419 peritorum
539 2366 684 2406 iudicio
722 2381 1001 2419 proponamus.
1056 2368 1192 2419 Itaque
1230 2370 1263 2406 si
1297 2367 1493 2419 neglectis,
1531 2380 1631 2417 quae
1667 2368 1846 2417 sequenti
1882 2368 2080 2419 opusculo
2111 2372 2236 2408 conti-

288 2444 440 2484 nentur,
469 2435 573 2476 aliud
602 2435 697 2488 quid
726 2438 1012 2487 quaesivissem,
1040 2435 1283 2476 mendacium
1313 2437 1424 2487 quasi
1451 2434 1648 2487 quoddam
1677 2437 1914 2475 commisisse
1942 2437 2033 2476 mihi
2061 2436 2235 2483 viderem

291 2512 347 2551 et,
386 2506 560 2555 quamvis
596 2507 740 2556 optime
776 2507 911 2552 sciam,
953 2517 1036 2543 non
1065 2507 1155 2543 satis
1193 2504 1391 2543 elaborata
1431 2517 1515 2542 esse
1558 2517 1658 2553 quae
1695 2506 1833 2555 scripsi
1873 2518 2003 2556 neque
2040 2504 2234 2552 absoluta,

288 2578 416 2610 tamen
437 2572 510 2611 hac
538 2585 584 2611 ex
612 2579 721 2625 parte
756 2572 874 2612 malui
901 2574 1122 2624 vituperari,
1153 2585 1268 2624 quam
1302 2578 1345 2610 ut
1374 2573 1460 2623 quis
1491 2570 1602 2617 dicat,
1638 2584 1698 2609 me
1734 2571 1938 2610 consilium
1973 2571 2071 2610 illud
2101 2586 2233 2622 unum,

291 2639 400 2691 quod
428 2642 467 2678 in
495 2640 717 2679 huiusmodi
737 2640 1073 2680 dissertationibus
1102 2639 1316 2679 scribendis
1346 2642 1470 2691 possit
1497 2642 1633 2685 inesse,
1665 2646 1730 2677 aut
1756 2638 1972 2679 obcaecato
2004 2643 2133 2680 animo
2153 2655 2235 2681 non

289 2710 542 2761 perspexisse,
573 2714 638 2746 aut
667 2708 849 2747 consulto
879 2721 961 2747 non
990 2721 1156 2747 curasse.

476 2777 519 2815 In
554 2789 819 2814 mensurarum
847 2782 1020 2814 veterum
1057 2778 1277 2827 cognitione
1312 2775 1403 2815 dum
1430 2776 1615 2815 versabar
1647 2779 1833 2829 imprimis
1863 2778 1913 2818 ab
1943 2792 1992 2818 eo
2021 2779 2111 2818 inde
2139 2787 2233 2818 tem-

289 2858 399 2898 pore,
430 2857 508 2896 quo
528 2843 717 2882 Boeckhii
745 2843 844 2882 liber
873 2845 1046 2896 egregius
1076 2843 1300 2896 (Metrolog.
1321 2844 1673 2898 Untersuchungen
1702 2853 1773 2885 etc.
1802 2846 1933 2885 Berlin
1956 2847 2078 2895 1838)
2107 2846 2232 2886 editus

291 2921 358 2960 est,
394 2926 450 2960 ea,
484 2925 584 2964 quae
614 2914 740 2951 animo
771 2918 969 2964 comperta
996 2910 1117 2951 modo
1148 2919 1266 2959 erant,
1304 2912 1473 2964 aliquem
1501 2915 1541 2952 in
1570 2913 1747 2954 ordinem
1775 2913 1948 2967 redigere
1976 2913 2131 2953 vixdum
2158 2928 2231 2967 po-

1819 2988 1850 3022 A
1870 2995 1887 3024 2
