2572 3423
1285 116 1345 159 3⁶.)

1387 186 1458 201 m

342 303 386 319 =
415 287 502 324 circ.
532 286 604 321 115
628 280 717 320 cub.
745 298 789 315 =
816 279 905 320 circ.
926 281 1002 324 172
1029 273 1117 334 ped.
1134 280 1297 334 Olymp.
1329 305 1378 312 —
1428 282 1477 321 Et
1513 296 1606 322 sane
1642 281 1799 334 quidem
1833 283 1926 322 ferri
1961 288 2107 336 posset,
2146 285 2179 322 si
2213 285 2291 323 He—

335 352 500 392 rodotus
535 362 609 403 pro
646 350 728 388 330
764 348 909 402 pedum
943 362 1107 389 numero
1145 352 1362 403 scripsisset
1398 350 1499 403 τριῶν
1532 349 1706 405 πλέθρων,
1746 365 1847 403 quae
1882 350 2004 390 verba
2038 353 2189 390 numeri
2221 354 2291 390 mi-

333 434 406 460 nus
436 420 558 458 exacti
587 420 757 470 speciem
788 425 932 470 aperte'
950 433 1045 470 prae
1074 432 1115 458 se
1145 419 1306 465 ferrent;
1342 419 1412 458 sed
1442 419 1492 459 de
1520 433 1681 459 numero
1712 422 1793 459 280
1814 422 1964 459 minore
1992 422 2076 459 iure
2103 420 2205 459 idem
2233 420 2290 459 di-

331 489 443 535 xeris,
473 501 573 534 cum,
604 489 636 526 si
665 486 1037 539 Schweighaeusero
1069 490 1307 535 assentimur,
1335 487 1456 527 verba
1484 490 1570 540 ipsa
1598 488 1776 536 doceant,
1806 490 2086 527 accuratiorem
2115 495 2289 528 nostrum

332 569 419 595 esse
437 554 621 594 voluisse.
680 555 782 593 Tum
809 568 905 594 vero
933 557 972 594 in
1000 561 1149 594 tantum
1169 568 1341 594 errorem
1370 554 1540 594 incidere
1569 568 1651 595 non
1679 555 1791 595 facile
1818 558 1958 608 potuit.
2015 555 2124 608 Quid
2154 569 2290 609 super·
2350 576 2359 585 ·

333 627 414 663 est?
469 623 510 661 Si
540 621 699 673 quidem
727 623 828 669 mihi,
865 623 997 662 talium
1026 637 1155 662 rerum
1184 623 1288 662 haud
1326 626 1416 662 satis
1444 625 1584 675 perito,
1624 627 1848 663 coniectura
1878 623 2045 675 quadam
2079 624 2171 663 loco
2202 637 2288 663 suc-

331 704 486 730 currere
506 689 650 738 licebit,
680 703 857 729 censeam
882 690 1132 730 scribendum
1160 691 1324 740 ,,πολλο“ν
1345 691 1495 732 ἐλαία-σω
1514 692 1578 731 τοῦ
1592 692 1735 744 πατρός,
1766 685 1873 751 §Tuom
1898 690 2014 731 ποδῶν
2039 692 2202 732 ἐοῦσαν
2219 693 2290 732 κῶ-

328 768 392 800 λον
417 756 569 799 ἕκαστον
597 755 674 798 καὶ
709 758 808 809 τριῶν
832 756 1011 812 πλέθρων”
1039 758 1110 798 ubi
1137 759 1301 799 verbum
1330 758 1583 801 καταδέουσαν
1611 759 1825 806 diremtum,
1863 762 2027 812 eiusque
2061 773 2152 812 pars
2181 763 2290 813 prior

330 842 450 880 parva
491 827 663 865 adhibita
697 829 910 866 mutatione
946 829 1182 880 transposita
1219 835 1289 867 est.
1345 829 1389 866 In
1422 828 1547 867 verbo
1585 826 1838 868 καταδέουσαν
1873 842 1954 867 rem
1991 828 2161 875 haerere,
2201 828 2289 867 cod.

329 896 502 935 Florent.
531 894 685 934 videtur
714 895 868 942 docere,
897 897 967 947 qui
995 895 1113 935 habet
1141 894 1418 948 καταχέουσαν,
1448 910 1529 948 quo
1559 898 1599 936 in
1625 895 1750 936 verbo
1780 896 1946 935 fortasse
1976 894 2140 947 ἔχουσαν
2168 896 2290 936 latere

330 967 417 1016 quis
442 964 587 1003 dixerit.
630 964 738 1003 Nolo
760 962 941 1003 omnibus
964 963 1114 1003 viribus
1143 963 1241 1005 illud
1269 977 1396 1003 meum
1425 966 1537 1013 tueri,
1566 977 1696 1017 neque
1724 964 1840 1013 addo,
1869 967 1943 1004 nisi
1971 965 2058 1012 hoc,
2087 975 2289 1004 numerum

330 1035 410 1071 320
427 1032 570 1084 pedum
600 1032 650 1070 ad
665 1034 865 1071 veritatem
893 1039 971 1071 tam
999 1045 1126 1085 prope
1156 1033 1355 1082 accedere,
1383 1040 1427 1072 ut
1454 1046 1504 1072 ne
1533 1040 1614 1072 tum
1639 1033 1806 1085 quidem,
1837 1035 1869 1071 si
1897 1034 1974 1071 hoc
2002 1033 2095 1072 loco
2120 1036 2290 1072 accurati

329 1103 478 1140 numeri
508 1100 727 1140 studiosum
755 1101 876 1140 fuisse
903 1107 1081 1140 nostrum
1111 1100 1351 1149 arbitremur,
1379 1101 1442 1140 hic
1469 1101 1533 1140 vel
1561 1103 1739 1140 minimus
1768 1114 1879 1140 error
1908 1100 2093 1141 offendat.
2117 1145 2121 1150 ,

518 1169 582 1207 De
623 1176 760 1219 quarta
797 1167 1021 1221 pyramide,
1062 1182 1176 1219 quam
1217 1169 1392 1221 Cheopis
1430 1169 1535 1208 filiae
1573 1169 1797 1207 tribuebant
1829 1170 2024 1221 Aegyptii,
2060 1169 2289 1209 Herodotus

332 1238 394 1286 (II,
419 1237 515 1287 126)
553 1237 648 1274 haec
677 1235 793 1274 habet
822 1235 887 1284 „s’n
918 1233 1050 1275 τούτων
1082 1234 1119 1276 δὲ
1143 1237 1209 1276 τῶν
1240 1236 1344 1276 λίθων
1368 1237 1517 1291 ἔφασαν
1548 1235 1609 1283 τὴν
1646 1236 1839 1289 πυραμίδα
1871 1235 2138 1288 οἰκοδομηθῆναι
2168 1238 2228 1279 τῖν
2257 1237 2290 1277 ἐν

329 1305 434 1358 μέσῳ
458 1305 524 1344 τῶν
548 1305 648 1356 τριῶν
674 1303 875 1350 ἓστηκυῒαν,
909 1303 1090 1357 ἔμπροσθε
1120 1305 1181 1349 τῆς
1203 1303 1379 1356 μεγοίλης
1401 1304 1615 1356 πυραμίδος,
1642 1305 1703 1349 τ’ἤς
1727 1304 1800 1344 ἐστὶ
1822 1305 1864 1345 τδ
1884 1305 2000 1344 κῶλον
2025 1303 2177 1345 ἕκαστον
2198 1304 2287 1345 ’ὅλου

327 1370 390 1413 καὶ
413 1371 560 1417 ἡμίσεος
583 1370 772 1421 πλε’θρου”.
816 1371 953 1411 Verba
981 1371 1040 1419 „s'v
1063 1370 1170 1425 μέσῳ
1188 1373 1283 1411 etc.’'
1312 1373 1539 1424 impediunt,
1571 1385 1651 1424 quo
1669 1374 1795 1412 minus
1818 1385 1905 1412 cum
1923 1371 2104 1412 Iomardo
2134 1373 2288 1422 (Descr.

326 1441 375 1481 de
404 1432 499 1494 l’Eg.
518 1441 600 1489 VII,
627 1455 665 1493 p.
684 1436 753 1490 58)
789 1440 889 1479 hanc
918 1439 1091 1479 eandem·
1117 1454 1203 1480 esse
1239 1447 1438 1493 putemus,
1475 1455 1591 1493 quam
1624 1441 1870 1494 Francogalli
1906 1454 2058 1493 semper
2092 1440 2290 1493 appellant

309 1510 402 1564 „Ia
432 1512 654 1564 quart-ieme
681 1508 930 1563 pyramide''
958 1510 1176 1558 (cs.Descr.
1193 1510 1241 1548 de
1261 1501 1355 1562 l’Eg.
1372 1511 1422 1558 V,
1439 1525 1475 1562 p.
1494 1511 1603 1560 656).
1659 1510 1749 1549 Alio
1771 1512 1873 1548 enim
1900 1509 1993 1548 loco
2023 1509 2089 1547 illa
2119 1517 2177 1548 est
2205 1512 2286 1548 sita.

326 1580 488 1618 Rectius
516 1577 612 1617 vidit
641 1579 783 1629 Zoega‚
814 1578 881 1629 qui
911 1576 1003 1616 dicit
1033 1577 1099 1626 (ef.
1115 1578 1249 1617 Baehr.
1267 1577 1316 1616 ad
1339 1578 1374 1616 h.
1390 1577 1433 1628 l.)
1463 1577 1567 1616 filiae
1598 1577 1773 1630 Cheopis
1803 1590 1886 1616 eam
1916 1590 2013 1625 esse,
2043 1591 2159 1629 quam
2188 1580 2288 1617 inter

326 1648 524 1699 sphingem
554 1652 592 1685 et
621 1648 818 1685 maximam
848 1645 1090 1698 pyramidem
1121 1645 1366 1684 observarint
1385 1645 1551 1685 Norden
1580 1652 1617 1685 et
1636 1645 1835 1684 Pococke.
1891 1644 2039 1684 Ibidem
2068 1645 2202 1684 tabula
2225 1653 2286 1685 to-

318 1715 564 1767 pographica
591 1716 761 1767 regionis
790 1714 1063 1766 Memphiticae
1094 1714 1159 1763 (cf.
1174 1714 1312 1753 Descr.
1329 1713 1378 1752 de
1398 1705 1719 1766 l’Eg.1maginum
1738 1715 1883 1765 antiqu.
1899 1719 1991 1752 tom.
2006 1713 2058 1761 V,
2073 1713 2238 1765 planche
2252 1714 2287 1764 Ι)

326 1783 481 1821 exhibet
508 1783 723 1835 pyramidis
753 1785 915 1835 signum,
950 1796 1052 1833 quae
1083 1790 1269 1833 quantum
1307 1796 1352 1821 ex
1379 1782 1445 1821 illa
1480 1782 1613 1821 tabula
1651 1782 1701 1820 ad
1729 1795 1947 1821 mensuram
1984 1783 2075 1820 satis
2111 1795 2286 1833 magnam

324 1851 520 1903 descripta
554 1851 644 1890 licet
681 1853 887 1899 conficere,
930 1851 1050 1904 paulo
1085 1850 1241 1890 videtur
1277 1853 1400 1889 maior
1435 1851 1564 1898 fuisse,
1609 1864 1724 1902 quam
1764 1856 1902 1902 quarta
1928 1849 2285 1903 Francogallorum.

325 1921 437 1958 Hanc
464 1933 562 1957 vero
593 1921 681 1958 circ.
704 1919 748 1958 41
770 1920 911 1958 metres
926 1919 1012 1971 gall.
1032 1919 1147 1958 latam
1175 1920 1295 1958 fuisse
1324 1918 1416 1957 dicit
1444 1918 1645 1957 Iomardus
1667 1918 1709 1967 (l.
1725 1918 1748 1957 l.
1765 1925 1856 1957 tom.
1872 1919 1923 1965 V,
1938 1932 1975 1970 p.
1993 1918 2103 1968 656),
2136 1919 2185 1971 1¹}
2201 1918 2284 1971 ple-

324 1989 409 2026 thra
439 1994 566 2025 autem
589 2005 631 2021 =
657 1989 734 2026 150
758 1986 845 2039 ped.
861 1987 1023 2038 Olymp.
1041 1988 1187 2024 ---100
1204 1986 1291 2024 cub.
1307 1986 1408 2038 vulg.
1431 1986 1604 2024 efficiunt
1635 1988 1787 2024 circiter
1816 1985 1868 2025 46
1881 1986 1988 2024 metr.
2008 1985 2094 2038 gall.
2149 1986 2285 2037 Itaque

325 2058 400 2095 hoc
431 2057 523 2096 loco
554 2070 635 2095 non
665 2069 815 2095 errasse
843 2055 998 2094 videtur
1025 2054 1265 2094 Herodotus.

511 2124 744 2178 Labyrinthi
773 2124 1075 2177 descriptionem
1105 2124 1167 2174 (ΙΙ,
1196 2122 1290 2176 148)
1325 2123 1421 2163 haec
1449 2123 1569 2163 verba
1600 2125 1793 2176 excipiunt
1821 2124 1905 2172 ,,τῆ’ς
1936 2121 1974 2164 δὲ
2004 2121 2128 2177 γωνίης
2158 2131 2284 2165 τελευ-

322 2195 448 2236 τῶντος
470 2195 534 2234 τοῦ
560 2192 777 2244 λαβυρίνθου
804 2192 933 2244 ἔχεται
964 2190 1129 2245 πυραμὶς
1158 2189 1543 2245 τεσσερακοντόργυιος,
1576 2193 1608 2232 εἰν
1630 2192 1673 2249 τῇ
1696 2192 1775 2246 ζῶα
1798 2191 1961 2246 μεγοίλα
1986 2192 2244 2246 ἐγγέγλυπται
2255 2194 2284 2215 ·”

325 2263 368 2301 Si
396 2276 487 2301 vere
512 2262 646 2300 eadem
677 2269 746 2308 est,
778 2275 893 2312 quam
910 2261 1155 2312 Francogalli
1172 2261 1484 2312 appellaverunt:
1500 2260 1742 2313 „Pyramide
1759 2260 2049 2300 d'Haoaa‘mW
2066 2262 2132 2310 (cf.
2147 2262 2283 2300 Descr.

324 2330 374 2370 de
394 2321 488 2383 l'Eg.
505 2336 597 2369 tom.
613 2330 681 2377 IV,
701 2343 737 2380 p.
756 2327 866 2378 482),
896 2327 1141 2377 Herodotus,
1172 2330 1252 2368 sive
1282 2328 1521 2369 altitudinem
1549 2328 1614 2368 illa
1642 2342 1822 2368 mensura
1850 2328 1975 2368 voluit
2004 2328 2175 2368 indicare
2203 2330 2285 2368 sive

322 2398 573 2444 latitudinem,
614 2399 754 2436 erravit
784 2402 928 2449 aperte.
985 2397 1083 2434 Nam
1118 2403 1216 2435 teste
1244 2397 1425 2436 Iomardo
1456 2399 1629 2450 pyramis
1665 2397 1878 2449 labyrinthi
1913 2397 1990 2435 lata
2026 2397 2097 2435 fuit
2132 2399 2284 2435 circiter

326 2470 403 2506 110
418 2470 526 2506 metr.
542 2467 628 2519 gall.
652 2485 695 2500 =
716 2464 960 2512 350,48'Rh.
979 2483 1022 2498 =
1045 2468 1132 2503 circ.
1155 2468 1233 2503 238
1251 2466 1339 2503 cub.
1355 2467 1477 2516 vulg.;
1505 2466 1580 2503 alta
1610 2473 1738 2503 autem
1767 2466 1975 2512 „environ”
2006 2467 2058 2503 60
2074 2467 2182 2504 metr.
2197 2466 2283 2518 gall.

330 2556 372 2571 =
403 2533 688 2583 191‚17'Rhen.
711 2553 754 2570 =
777 2536 866 2574 circ.
887 2534 964 2573 130
981 2532 1069 2572 cub.
1085 2533 1187 2586 vulg.
1243 2534 1379 2585 Itaque
1409 2546 1519 2573 error
1552 2535 1642 2573 satis
1671 2533 1907 2581 manifestus,
1935 2546 2008 2573 nec
2035 2534 2148 2574 facile
2179 2533 2282 2574 dixe-

321 2607 386 2652 ris,
427 2616 615 2656 quaenam
651 2605 734 2643 eius
771 2604 887 2642 suerit
925 2615 1053 2650 causa,
1095 2608 1161 2641 aut
1191 2615 1268 2654 qua
1306 2604 1457 2641 ratione
1495 2602 1586 2641 huic
1623 2601 1714 2640 loco
1754 2600 1952 2641 subveniri
1991 2604 2127 2655 possit.
2196 2603 2283 2641 Nisi

320 2674 434 2718 forte,
474 2671 585 2722 pedis
626 2685 843 2709 mensuram
883 2685 971 2710 cum
1012 2671 1147 2709 cubito
1178 2671 1433 2718 confundens,
1474 2684 1538 2709 sex
1574 2670 1728 2709 cubitos
1766 2671 2156 2722 comprehendentem
2192 2672 2282 2708 fecit

321 2756 494 2793 orgyam.
893 2738 897 2743 ’

513 2809 600 2848 Hoc
636 2820 733 2847 vero
765 2820 852 2846 cum
885 2820 956 2860 per
992 2821 1033 2847 se
1062 2809 1124 2847 vix
1154 2813 1212 2847 est
1242 2806 1440 2855 credibile,
1470 2813 1549 2847 tum
1581 2808 1739 2847 omnino
1770 2806 2032 2860 spernendum
2061 2812 2280 2859 propterea,

323 2877 432 2930 quod
469 2880 593 2916 statim
630 2877 887 2929 subsequitur
923 2877 1139 2928 (cap.149)
1177 2879 1462 2916 accuratissima
1496 2879 1700 2924 rationum,
1737 2890 1838 2928 quae
1867 2878 1967 2916 inter
1994 2886 2194 2914 mensuras
2224 2872 2280 2911 di-
