2572 3423
1299 184 1324 228 7

1166 253 1454 268 mmmm

333 350 535 387 restituere
565 350 742 386 conaturi
770 354 869 395 sunt,
898 349 944 385 iis
972 359 1087 398 quam
1116 348 1275 385 maxime
1305 348 1376 385 erit
1406 346 1631 394 cavendum,
1659 360 1709 386 ne
1738 346 1835 386 illud
1863 345 2025 395 „Incidit
2052 347 2093 385 in
2112 344 2285 398 Scyllam

334 418 426 456 etc.”
454 430 528 456 suo
557 416 732 468 exemplo
762 416 963 468 probetur.

522 483 601 524 Sed
619 484 677 524 his
695 484 867 524 breviter
885 486 924 523 in
944 485 1166 522 universum
1185 485 1415 535 praemissis,
1446 482 1496 522 ad
1514 483 1684 535 singulas
1703 496 1765 522 res
1785 482 2074 536 perlustrandas
2095 483 2255 523 accedo.

520 534 721 617 MiniQO
750 554 933 598 omnium,
964 551 1107 602 quibus
1129 553 1278 603 antiqui
1306 554 1367 590 usi
1396 553 1480 599 sint,
1509 564 1727 590 mensuram
1747 552 1866 590 fuisse
1889 551 2058 603 digitum,
2089 549 2282 599 δάκτυλον,

332 628 468 659 notum
498 628 566 668 est,
594 612 723 672 neq'ue
752 619 980 659 Herodotus
1011 619 1093 658 ullo
1123 620 1216 659 loco
1245 622 1432 659 minorem
1462 620 1574 658 aliam
1603 622 1642 658 in
1663 622 1835 659 rationes
1855 633 1944 658 suas
1964 619 2125 658 induxit.
2185 620 2283 658 Sunt

332 692 464 741 potius
494 703 563 728 eae
590 702 663 737 res,
704 703 800 741 quas
831 688 957 740 digitis
987 701 1166 726 emensus
1195 695 1263 735 est,
1301 702 1435 727 omnes
1465 687 1667 735 eiusmodi,
1704 702 1806 739 quae
1836 690 2114 727 accuratiorem
2144 687 2283 727 desmi-

331 758 477 795 tionem
507 763 572 797 aut
599 770 681 796 non
710 755 942 804 desiderent,
972 762 1037 795 aut
1064 768 1114 795 ne
1142 757 1338 808 patiantur
1366 755 1533 807 quidem.
1589 757 1664 796 Hic
1692 758 1807 809 igitur
1835 758 1868 796 si
1892 770 2055 808 usquam
2083 756 2177 796 alias
2206 755 2284 796 dici

338 832 483 877 posset,
519 826 767 864 Herodotum
803 826 896 876 ipsis
931 830 1078 862 tantum
1114 837 1250 862 manus
1287 837 1381 863 suae
1415 824 1542 877 digitis
1570 838 1683 863 usum
1713 838 1809 872 esse,
1844 826 1918 863 nisi
1946 824 2010 864 alii
2038 824 2117 863 loci
2151 824 2283 864 obsta-

331 899 426 931 rent.
449 916 498 923 —
543 894 610 932 Sic
638 894 682 942 (1,
708 894 801 942 193)
830 892 899 931 ubi
919 891 1104 931 describit
1122 891 1394 944 Babyloniam,
1423 895 1584 945 patriam
1605 893 1822 940 cerealium,
1852 892 1960 931 dicit:
1991 893 2062 940 ,,ταί
2081 892 2119 933 δὲ
2140 892 2283 946 φύλλα

332 959 457 1002 αὐτὸθι
485 961 552 1001 τῶν
580 978 618 1000 τε
647 960 764 1012 πυρῶν
793 958 857 1000 καὶ
885 961 953 1001 τῶν
981 958 1119 1012 κριθέων
1147 958 1188 999 τδ
1215 957 1358 1003 πλοίτος
1376 960 1511 1013 γίνεται
1531 960 1700 1012 τεσσέρων
1721 961 1892 1003 εὐπετέως
1911 959 2137 1001 δακτύλων.”
2192 960 2282 999 Alio

330 1028 423 1068 loco
451 1029 537 1078 (IV,
559 1031 629 1080 81)
658 1029 771 1068 haec:
801 1027 954 1080 ,,πα’χος
979 1026 1016 1068 δὲ
1044 1027 1085 1069 το
1102 1025 1278 1073 Σκυθικδν
1306 1028 1408 1069 τοῦτο
1437 1025 1622 1080 χαλκῆὶίν
1652 1029 1726 1070 ἐστι
1755 1025 1949 1070 δακτύλων
1977 1025 2053 1084 ἕξ.”
2083 1035 2120 1069 et
2149 1028 2219 1078 (V,
2240 1028 2283 1079 9)

331 1097 380 1135 de
416 1100 526 1149 equis
555 1098 814 1150 Sigynnarum
850 1094 932 1144 „s'vri
960 1095 1060 1136 πέντε
1089 1094 1297 1139 δακτύλους
1323 1094 1363 1137 τδ
1392 1094 1505 1143 βοίθος
1533 1096 1602 1135 τῶν
1630 1098 1790 1148 τριχῶν”
1825 1096 1968 1149 quibus
1998 1096 2118 1135 addas
2148 1096 2281 1135 locum

328 1166 391 1213 111,
427 1167 490 1204 30.
520 1189 570 1196 —
629 1165 752 1205 Paulo
789 1167 1068 1204 accuratiorem
1105 1179 1324 1204 mensuram
1368 1178 1580 1217 agnoscere
1617 1165 1731 1204 velim
1774 1168 1815 1205 in
1856 1166 1931 1205 illis
1967 1166 2085 1213 locis,
2127 1165 2196 1204 ubi
2230 1165 2280 1204 de

330 1232 592 1286 magnitudine
627 1233 826 1273 hominum
856 1232 1103 1286 quorundam
1140 1234 1283 1287 agitur,
1321 1239 1363 1272 ut
1391 1233 1419 1282 Ι,
1442 1233 1494 1272 60
1524 1233 1636 1287 ,,γυνῆ
1670 1233 1712 1289 τῇ
1748 1228 1887 1284 οὔνομα
1920 1230 1958 1280 ἦν
1989 1233 2083 1281 Φύη,
2119 1232 2284 1287 μέγαθος

331 1300 407 1342 doro*
433 1300 602 1355 τεσσέρων
631 1300 778 1353 πηχέων
808 1301 1064 1342 ἀπολείπουσα
1100 1305 1189 1353 τρεῖς
1216 1298 1454 1345 δακτύλους.”
1509 1303 1619 1341 Haec
1646 1302 1787 1341 femina
1820 1309 1924 1341 tanta
1958 1303 2078 1341 fuisse
2113 1304 2282 1354 posteris

330 1370 567 1418 tradebatur,
603 1384 733 1422 neque
761 1377 838 1410 tam
867 1372 963 1409 mira
992 1377 1049 1409 est
1077 1370 1143 1409 illa
1169 1370 1405 1423 magnitudo,
1436 1384 1547 1422 quae,
1583 1373 1616 1409 si
1642 1384 1818 1423 graecam
1847 1384 2064 1410 mensuram
2092 1385 2180 1410 cum
2209 1384 2280 1409 no-

330 1446 408 1478 stra
423 1453 702 1491 comparamus,
724 1441 896 1479 continet
913 1438 945 1477 5¹
963 1437 1172 1487 8,5“Rhen.
1198 1462 1247 1469 —
1273 1439 1414 1479 Similis
1440 1453 1503 1478 res
1526 1446 1584 1478 est
1599 1439 1704 1488 (Vll,
1720 1440 1825 1491 117),
1848 1439 1917 1479 ubi
1934 1446 2063 1478 narrat
2085 1446 2279 1478 mortuum

330 1521 415 1546 esse
451 1510 576 1546 virum
615 1507 807 1559 quendam
839 1505 1077 1558 Ἀρταχαίην,
1115 1509 1183 1559 qui
1218 1520 1352 1546 omnes
1394 1507 1570 1546 homines
1604 1521 1715 1555 voce,
1751 1521 1886 1547 omnes
1920 1508 2058 1546 Persas
2100 1509 2278 1559 corporis

329 1575 590 1628 magnitudine
618 1577 860 1627 superaverit
889 1575 986 1623 „imi
1014 1573 1087 1628 γοῖρ
1116 1576 1217 1615 πέντε
1244 1574 1392 1626 πηχέων
1419 1573 1623 1622 βασιληΐων
1652 1575 1829 1616 οἰπέλειπε
1856 1574 2025 1628 τέσσερας
2052 1566 2278 1618 &asca-amn?

330 1658 432 1695 quae
467 1657 647 1683 mensura
682 1643 897 1682 secundum
924 1643 1165 1682 Boeckhium
1204 1644 1324 1682 efficit
1353 1645 1504 1682 circiter
1535 1643 1568 1682 8‘
1587 1643 1630 1682 2“
1647 1645 1771 1683 Rhen.
1803 1666 1851 1674 —
1895 1644 1940 1683 In
1968 1651 2136 1696 utroque
2172 1644 2280 1690 loco,

331 1714 403 1752 etsi
439 1714 596 1752 omnino
633 1719 831 1752 accuratas
865 1726 1063 1751 mensuras
1098 1724 1180 1750 non
1216 1724 1301 1750 esse
1337 1711 1524 1751 exhibitas
1562 1719 1734 1765 apparet,
1772 1719 1876 1752 certa
1903 1720 2029 1752 tamen
2058 1714 2279 1764 systematis

330 1780 530 1818 cuiusdam
568 1782 716 1819 metrici
753 1781 913 1831 vestigia
952 1781 1088 1827 inesse,
1128 1792 1243 1818 nemo
1280 1792 1362 1818 non
1397 1779 1512 1819 videt.
1569 1781 1700 1832 Atque
1737 1779 1840 1820 idem
1875 1782 1989 1819 etiam
2024 1781 2152 1819 minus
2186 1779 2279 1819 latet

328 1850 373 1899 (1,
398 1850 504 1901 178),
534 1848 602 1889 ubi
630 1849 726 1889 haec
753 1847 873 1888 verba
902 1848 1080 1901 legimus:
1110 1850 1149 1897 „5
1180 1846 1218 1889 δὲ
1246 1845 1440 1896 βασιλήιος
1466 1848 1593 1901 πῆχυς
1621 1848 1685 1890 τοῦ
1712 1852 1855 1903 μετρίου
1886 1846 1960 1891 ἐστὶ
1988 1848 2129 1902 πήχεος
2155 1849 2279 1903 μέζων

328 1915 418 1971 τρισὶ
446 1916 671 1965 δακτύλοισι,
700 1917 750 1956 de
779 1930 858 1969 quo
894 1916 998 1964 loco,
1035 1919 1126 1956 satis
1154 1924 1264 1965 noto,
1293 1917 1517 1957 Boeckhius
1546 1917 1719 1970 disputat
1746 1920 1786 1957 in
1813 1918 1917 1957 libro
1948 1931 2021 1958 suo
2052 1918 2278 1971 (Metrolog.

327 1987 677 2038 Untersuchungen
705 1987 831 2037 p.213
862 1989 1001 2036 seqq).
1055 1984 1281 2024 Dolendum
1301 1999 1398 2033 esse,
1426 1985 1518 2025 dicit
1536 1987 1612 2025 Vir
1631 1986 1891 2034 doctissimus,
1920 1987 2030 2039 quod
2050 1987 2280 2026 Herodotus

327 2068 409 2095 non
438 2055 675 2107 apposuerit,
705 2060 833 2093 utrum
861 2052 935 2092 illis
963 2051 1094 2092 verbis
1123 2049 1213 2105 τρισὶ
1242 2049 1458 2095 δακτύλοισι
1488 2053 1595 2107 digiti
1624 2054 1746 2094 cubiti
1765 2054 1935 2108 vulgaris
1965 2069 2014 2094 an
2045 2054 2168 2095 cubiti
2186 2057 2280 2108 mgii

329 2123 533 2176 significati
561 2124 647 2170 sint,
676 2128 713 2161 et
741 2134 833 2160 vere
863 2120 1031 2173 quidem,
1060 2123 1094 2160 si
1121 2121 1224 2161 bene
1252 2128 1426 2161 notasset
1455 2129 1592 2162 auctor
1620 2123 1720 2162 hanc
1748 2122 2018 2172 diversitatem,
2047 2137 2128 2163 rem
2155 2123 2278 2162 multo

328 2191 541 2229 faciliorem
570 2190 685 2229 nobis
713 2190 957 2229 reddidisset.
999 2190 1104 2228 Num
1122 2202 1219 2228 vero
1247 2192 1332 2228 iure
1359 2190 1400 2228 id
1428 2190 1674 2230 mirabimur?
1703 2191 1873 2229 Tantulo
1895 2193 1994 2230 enim
2024 2191 2120 2230 alter
2137 2190 2277 2243 digitus

330 2259 378 2298 ab
417 2259 539 2297 altero
578 2257 794 2305 differebat,
833 2265 886 2305 ut,
923 2260 1070 2297 etiamsi
1107 2260 1249 2297 scirent
1282 2264 1433 2297 veteres
1468 2258 1747 2310 aliquantulum
1783 2260 1981 2306 interesse,
2021 2266 2149 2298 tamen
2183 2272 2277 2310 pro-

328 2329 474 2366 miscue
508 2328 553 2365 iis
588 2332 798 2365 uterentur.
855 2326 897 2364 Si
932 2326 1174 2365 Boeckhium
1211 2328 1419 2378 sequimur,
1455 2325 1594 2378 digitus
1629 2326 1797 2379 vulgaris
1834 2326 1906 2365 fuit
1940 2344 1984 2361 =
2004 2325 2123 2374 8‚84'‘'
2140 2327 2277 2374 Rhen.,

330 2396 470 2449 digitus
499 2394 621 2434 cubiti
649 2395 742 2447 regii
769 2412 813 2428 =
837 2392 977 2441 10‚12'‘'
993 2394 1129 2442 Rhen.,
1158 2400 1202 2433 ut
1230 2393 1409 2433 differant
1443 2397 1528 2442 1,28
1559 2394 1669 2434 lineis
1697 2395 1820 2433 Rhen.

517 2464 585 2511 lis',
622 2475 722 2514 quos
751 2462 875 2509 attuli,
911 2461 1009 2500 locis
1039 2464 1227 2514 exceptis,
1264 2464 1433 2501 ommino
1462 2475 1652 2514 nusquam
1681 2462 1727 2501 fit
1760 2464 1905 2501 mentio
1935 2463 2143 2516 digitorum
2172 2464 2279 2516 apud

328 2541 521 2581 nostrum,
559 2546 687 2584 neque
716 2531 799 2571 ullo
828 2530 921 2570 loco
952 2530 1103 2570 disertis
1133 2530 1264 2570 verbis
1293 2533 1479 2583 exprimit,
1509 2538 1605 2583 quot
1635 2529 1842 2575 δακτύλους
1871 2534 2068 2571 contineat
2097 2545 2279 2572 mensura

329 2603 503 2655 proxime
532 2613 716 2652 sequens,
746 2613 846 2652 quae
869 2606 927 2639 est
955 2596 1159 2646 παλαιστῆ.
1214 2600 1354 2653 Neque
1382 2613 1478 2640 vero
1509 2598 1718 2652 quidquam
1744 2613 1819 2640 nos
1846 2607 1951 2640 vetat
1979 2607 2170 2649 statuere,
2198 2602 2279 2642 He-

328 2669 513 2708 rodotum
543 2682 630 2706 cum
666 2667 847 2706 omnibus
878 2668 1041 2707 Graecis
1071 2675 1240 2720 quatuor
1267 2668 1407 2721 digitos
1436 2667 1591 2707 dedisse
1628 2668 1672 2723 τῇ
1699 2668 1908 2725 παλαιστῇ,
1946 2683 2047 2722 quae
2075 2670 2281 2723 respondit

330 2739 598 2777 Romanorum
624 2735 767 2787 palm0.
812 2735 894 2782 Ubi
921 2737 1109 2774 rationem
1137 2749 1244 2774 suam
1273 2739 1468 2774 metricam
1497 2738 1654 2788 exponit
1682 2736 1874 2788 (11,149)‚
1901 2750 1985 2777 non
2014 2740 2154 2777 omittit
2181 2739 2279 2777 hanc

331 2819 558 2853 mensuram,
589 2817 688 2856 quae
717 2805 801 2856 ipsi,
831 2810 874 2842 ut
906 2803 1086 2843 omnibus
1115 2806 1292 2857 antiquis,
1321 2811 1380 2844 est
1408 2812 1544 2857 quarta
1572 2819 1663 2857 pars
1691 2805 1817 2858 pedis,
1845 2809 1927 2846 sive
1956 2813 2063 2846 sexta
2091 2820 2180 2858 pars
2209 2821 2276 2846 cu-

329 2875 417 2922 biti;
447 2873 516 2914 sed
544 2873 642 2912 infra
670 2886 753 2912 eam
781 2885 863 2912 non
892 2871 1101 2912 descendit.
1152 2873 1358 2913 Praeterea
1387 2873 1505 2913 semel
1533 2880 1683 2914 tantum
1713 2889 1762 2926 ea*
1787 2877 1908 2915 utitur
1937 2875 1981 2924 (1,
2000 2877 2082 2926 50),
2111 2874 2180 2914 ubi
2209 2874 2277 2915 de—

330 2942 479 2991 scribit,
519 2955 618 2995 quae
655 2941 760 2981 dona
789 2941 964 2981 Croesus
991 2941 1187 2995 Delphico
1215 2942 1306 2982 Deo
1343 2945 1547 2996 paraverit.
1612 2944 1758 2997 Regem
1795 2944 2020 2984 ditissimum
2048 2943 2278 2984 Herodotus
