2572 3423
1262 197 1290 239 8

1133 266 1422 282 mmmm

299 367 430 402 narrat
464 361 602 401 fecisse
631 359 779 399 CXVII
811 358 1029 413 ἡμιπλίνθια,
1058 390 1091 401 ..
1121 357 1202 409 „t'xi
1230 363 1298 411 μὲν
1334 360 1385 401 ταί
1413 359 1621 413 μικρᾶτεροι
1658 392 1690 401 ..
1729 357 2013 415 ἑξαπάλαιστα,
2050 357 2106 401 ἐπ)
2143 358 2182 400 δὲ
2209 361 2261 401 ταὶ

299 429 520 482 βραχύτερα.
539 427 804 479 τριπάλαιστα,
823 427 924 482 ὕψος
943 426 982 469 δὲ
1000 433 1256 471 παλαιστιαῖα
1361 426 1426 470 καὶ
1445 427 1591 469 τουτέων
1613 428 1782 482 ἀπέφθου
1801 428 1947 481 χρυσοῦ
1959 426 2131 482 τέσσαρσι,
2150 427 2260 481 τρίτον

298 495 546 548 ἡμιτάλαντον
576 494 728 537 ἕκαστον
761 494 927 544 innova,
954 495 1004 538 ταὶ
1031 496 1069 538 δὲ
1100 493 1212 538 ἄλλα.
1240 497 1451 547 ἡμιπλίνθια.
1474 498 1609 537 λευκοῦ
1644 498 1800 550 χρυσοῦ,
1834 496 1996 550 σταθμδν
2024 495 2260 538 herimum?

300 565 566 604 Numerorum
593 566 693 604 ratio
728 566 743 603 1
768 565 819 606 :3
837 577 848 606 ε
867 565 903 612 6,
942 577 1043 615 quae
1071 564 1274 603 intercedit
1303 566 1403 603 inter
1430 571 1508 602 tres
1537 564 1676 603 borum
1706 565 1962 604 semilaterum
1991 564 2261 612 dimensiones,

300 632 509 673 verisimile
538 631 677 680 reddit,
707 638 908 672 accuratas
938 632 1015 671 hoc
1042 631 1134 671 loco
1164 631 1326 671 indicari
1354 645 1565 671 mensuras.
1617 632 1741 684 Quod
1770 635 1803 672 si
1832 635 2044 681 statuimus,
2073 645 2261 685 quaeren-

303 701 396 741 dum
426 707 494 748 est,
530 707 660 740 utrum
690 713 811 753 genus
839 713 1104 739 mensurarum
1135 700 1353 752 significare
1380 699 1550 738 voluerit
1578 700 1818 740 Herodotus.
1877 702 1978 740 Tum
2006 700 2118 740 facile
2145 707 2261 753 patet,

304 769 354 810 de
382 769 551 821 vulgaris
583 768 704 809 cubiti
731 768 862 820 palmo
891 768 1003 819 loqui
1033 773 1243 806 auctorem.
1300 768 1400 805 Nam
1434 769 1465 805 si
1495 767 1663 819 aliquam
1691 771 1863 807 veritatis
1891 771 2061 820 speciem
2088 770 2146 808 his
2174 783 2261 808 ver-

302 837 362 878 bis
398 838 529 879 inesse
557 836 670 885 velis,
709 850 869 877 necesse
905 842 979 884 est,
1021 837 1233 889 coniungas
1270 837 1461 875 minimam
1491 837 1679 885 omnium,
1716 850 1816 889 quae
1850 837 1916 876 illa
1948 843 2073 877 aetate
2108 837 2261 878 obtine-

301 906 407 953 bant,
435 919 655 946 mensuram
674 920 761 945 cum
788 906 954 945 maximo
972 904 1130 952 talento,
1161 904 1270 957 quod
1296 911 1355 943 est
1383 904 1677 957 babylonicum.
1723 904 1768 943 Id
1797 912 1839 944 ut
1857 905 2128 953 demonstrem,
2157 907 2261 944 hunc

301 977 464 1016 instituo
505 974 706 1013 calculum.
769 973 945 1013 Graecus
985 971 1136 1024 palmus
1177 986 1264 1011 cum
1306 974 1502 1011 contineat
1539 971 1881 1020 35‚3609‘'‘Rhen.
1910 980 2008 1013 teste
2045 972 2261 1021 Boeckhio‚

303 1043 473 1083 efficitur
501 1042 685 1080 volumen
715 1043 904 1093 cuiusque
934 1040 1159 1079 semilateris
1184 1059 1228 1075 =
1253 1042 1397 1088 0‚2665
1430 1039 1542 1078 cubis
1571 1039 1682 1092 pedis
1711 1041 1899 1080 Rhenani.
1961 1042 2057 1089 lam,
2094 1055 2181 1080 cum
2211 1040 2260 1080 de

301 1111 470 1150 lectione
505 1107 614 1159 τρίτον
641 1106 891 1160 ἡμιτάλαντον
921 1108 1039 1147 hodie
1073 1121 1187 1147 nemo
1226 1108 1395 1156 dubitet,
1430 1110 1456 1146 ii
1494 1107 1746 1156 semilateres,
1784 1111 1852 1161 qui
1887 1122 1935 1148 ex
1963 1122 2060 1148 auro
2091 1109 2259 1148 decocto

302 1177 471 1218 confecti
497 1177 674 1225 fuerunt,
717 1176 858 1229 singuli
888 1175 1047 1229 pondus
1077 1175 1297 1217 habuerunt
1325 1179 1347 1214 2
1362 1177 1382 1229 ἓ
1401 1175 1655 1224 talentorum,
1694 1178 1795 1228 quae
1817 1183 1906 1216 sunt
1934 1195 1977 1211 =
2011 1176 2183 1224 233,372
2206 1175 2259 1215 lb.

301 1246 458 1285 boruss.
475 1245 542 1293 (cl'.
557 1243 732 1283 Boeckb.
747 1244 956 1296 Men-olog.
973 1244 1128 1283 Unters.
1142 1258 1180 1296 p.
1197 1243 1279 1294 48).
1335 1245 1406 1283 His
1436 1246 1605 1283 numeris
1635 1246 1866 1297 suppositis,
1903 1244 2016 1284 facile
2044 1246 2259 1283 invenimus

303 1313 462 1366 pondus
492 1311 717 1364 specificum
748 1313 810 1361 (ut
831 1311 1002 1353 barbaro
1029 1318 1116 1352 utar
1136 1311 1354 1362 vocabulo)
1383 1312 1486 1351 illius
1514 1314 1660 1362 χουσοῦ
1682 1311 1851 1365 ἀπέφθου
1873 1312 2091 1360 =13‚266.
2137 1311 2261 1363 Quod

303 1389 381 1423 tam
410 1395 573 1434 parvum
601 1380 721 1421 fuisse
740 1381 807 1432 qui
834 1382 1005 1428 miretur,
1040 1382 1073 1420 is
1101 1386 1266 1432 reputet,
1296 1393 1368 1432 per
1395 1393 1438 1419 se
1465 1379 1627 1420 dubium
1656 1394 1737 1420 non
1753 1394 1850 1429 esse,
1880 1382 1974 1433 quin
2000 1379 2098 1420 illud
2126 1394 2261 1420 aurum

304 1452 463 1490 omnino
493 1462 634 1500 purum
670 1461 752 1489 non
780 1448 908 1495 fuerit,
944 1447 1015 1487 sed
1042 1447 1359 1488 verisimillimum
1390 1461 1487 1495 esse,
1523 1450 1705 1500 antiquos
1735 1450 1847 1488 etiam
1882 1450 2066 1488 maiorem
2098 1448 2262 1487 aliorum

301 1518 546 1559 metallorum
576 1519 730 1568 copiam
759 1515 973 1557 admiscere
1002 1516 1142 1557 solitos
1170 1516 1301 1564 fuisse,
1334 1530 1448 1567 quam
1479 1519 1545 1568 qui
1576 1530 1682 1555 nunc
1711 1524 1812 1556 sunt.
1868 1518 2001 1556 Liceat
2028 1531 2110 1556 rem
2139 1517 2260 1569 paulo

301 1586 457 1639 longius
486 1586 682 1638 persequi.
729 1585 910 1633 Primum,
940 1586 973 1624 si
998 1598 1162 1637 cuprum
1192 1584 1319 1624 solum
1347 1584 1556 1624 admixtum
1583 1585 1703 1624 fuisse
1727 1587 1941 1633 statuimus,
1970 1585 2123 1625 calculo
2153 1587 2260 1625 insti-

301 1660 401 1701 tuto,
431 1659 469 1693 et
487 1652 666 1705 neglecta
682 1652 749 1691 illa
774 1651 961 1704 ponderis
988 1653 1213 1700 mutatione,
1244 1666 1344 1704 quae
1365 1652 1534 1692 chemica
1555 1654 1834 1691 coniunctione
1859 1651 2039 1701 efficitur,
2068 1652 2260 1692 eiusmodi

304 1735 440 1763 aurum
475 1722 715 1772 reperiemus
752 1719 1020 1769 (subiicientes
1050 1719 1202 1761 calculo
1239 1720 1397 1772 pondus
1427 1720 1656 1773 specificum
1692 1722 1776 1759 auri
1810 1738 1853 1755 =
1886 1723 2047 1769 19‚258‚
2083 1727 2121 1760 et
2149 1723 2263 1772 cupri

303 1808 347 1827 τε
365 1789 513 1838 8,897),
541 1790 580 1829 in
603 1801 684 1840 quo
713 1787 934 1840 ponderum
962 1790 1060 1829 ratio
1091 1790 1190 1828 inter
1219 1802 1356 1828 aurum
1384 1802 1526 1840 purum
1555 1795 1593 1828 et
1622 1802 1785 1840 cuprum
1814 1787 2104 1837 sit1l1‚7:9,3,
2133 1789 2261 1840 (quod

304 1871 439 1898 aurum
468 1870 542 1896 nos
571 1855 734 1896 dicimus
767 1855 856 1903 14,7
879 1855 1045 1909 karatig)
1074 1868 1149 1908 pro
1181 1855 1322 1907 quibus
1352 1858 1521 1896 numeris
1551 1858 1583 1895 si
1613 1856 1900 1896 commodiores
1928 1858 2110 1909 ponimus
2144 1859 2191 1897 15
2222 1864 2260 1897 et

306 1928 367 1973 10,
396 1928 497 1966 ratio
519 1925 591 1965 fuit
621 1926 645 1965 3
663 1937 675 1966 ε
691 1928 727 1971 2,
756 1931 874 1976 atque
901 1925 1098 1965 infuerunt
1126 1925 1166 1965 in
1194 1924 1355 1977 singulis
1373 1923 1594 1976 quibusque
1624 1924 1906 1964 semilateribus
1942 1926 1989 1978 1⁷3
2010 1925 2154 1964 talenta
2176 1928 2259 1964 auri

303 1996 393 2045 puri
421 2007 509 2035 curn
543 1994 559 2031 1
593 1992 740 2034 talento
770 1994 881 2043 cupri
910 1994 1125 2033 commixta.

492 2061 537 2101 Si
563 2072 659 2098 vero
690 2072 764 2111 pro
795 2072 920 2110 cupro
950 2065 1150 2110 argentum
1179 2058 1351 2098 additum
1380 2059 1500 2097 fuisse
1529 2061 1747 2105 statuimus,
1778 2061 1888 2098 cuins
1917 2059 2075 2111 pondus
2103 2061 2259 2113 specifi-

303 2143 392 2170 cum
428 2129 614 2169 sumimus
648 2145 691 2163 σε
719 2128 881 2175 1Ο,105,
920 2128 1019 2167 ratio
1049 2125 1268 2178 ponderum
1304 2128 1388 2166 auri
1417 2132 1455 2166 et
1483 2128 1630 2178 argenti
1664 2126 1736 2166 fuit
1769 2128 2066 2175 12‚03:11‚97,
2106 2134 2260 2167 etcum

301 2210 376 2250 pro
406 2203 578 2248 utroque
606 2208 770 2237 numero
800 2206 951 2248 ponere
978 2193 1092 2235 liceat
1120 2193 1184 2233 vel
1213 2195 1370 2235 minimo
1401 2207 1536 2235 errore
1569 2196 1638 2242 12,
1674 2193 1843 2234 efficitur
1871 2196 1972 2235 ratio
2004 2198 2019 2235 1
2043 2208 2055 2238 ε
2076 2198 2114 2244 1,
2150 2203 2193 2236 ut
2220 2199 2259 2236 in

302 2264 462 2317 singulis
490 2262 774 2306 semilateribus
804 2270 842 2305 et
871 2265 956 2305 auri
985 2269 1022 2305 et
1052 2265 1199 2316 argenti
1227 2263 1371 2304 fuerint
1404 2263 1460 2315 1÷
1490 2261 1644 2303 talenta.

490 2332 649 2384 Reliqui
688 2331 945 2379 semilateres,
989 2331 1129 2383 singuli
1163 2330 1345 2371 binorum
1382 2330 1617 2371 talentorum
1646 2329 1802 2382 pondus
1830 2331 2035 2380 habentes,
2080 2346 2127 2371 ex
2161 2346 2258 2372 auro

303 2400 396 2440 albo
426 2401 517 2439 facti
534 2407 653 2447 erant,
683 2402 750 2451 qui
778 2399 893 2441 color
910 2413 958 2439 eo
988 2413 1062 2438 nos
1091 2399 1260 2447 adducit,
1290 2406 1334 2439 ut
1352 2399 1567 2447 credamus,
1595 2413 1769 2451 magnam
1797 2407 1946 2451 partem
1966 2402 2113 2452 argenti
2140 2401 2259 2440 fuisse

301 2468 515 2510 admixtam.
572 2467 673 2508 Sunt
702 2474 829 2508 autem
859 2471 883 2506 2
913 2467 1054 2508 talenta
1082 2466 1324 2520 babylonica
1352 2486 1395 2504 =
1428 2469 1598 2515 186,698
1615 2467 1669 2508 lh.
1688 2466 1856 2514 boruss„
1886 2467 2002 2514 unde,
2032 2476 2256 2520 comparato

302 2535 413 2588 quod
434 2548 554 2588 supra
574 2534 766 2587 adscripsi
785 2534 994 2582 volumine,
1022 2534 1156 2586 prodit
1177 2534 1335 2586 pondus
1358 2535 1585 2586 specificum
1606 2535 1712 2575 iuius
1731 2534 1877 2585 χρυσοῦ
1892 2536 2028 2576 λευκοῦ
2040 2554 2084 2570 =
2104 2538 2257 2584 1Ο,613.

301 2605 404 2645 Sane
432 2604 680 2650 levissimum,
708 2609 746 2644 et
776 2601 888 2654 quod
910 2604 974 2642 vix
1003 2604 1128 2652 possit
1156 2615 1295 2642 aurum
1323 2604 1523 2641 nominari.
1580 2603 1670 2647 lam,
1706 2603 1738 2640 si
1766 2608 1967 2654 argentum
1993 2602 2121 2644 solum
2149 2604 2259 2643 addi-

303 2678 385 2712 tum
404 2684 490 2711 esse
516 2671 719 2718 credimus,
748 2670 970 2723 ponderum
991 2672 1091 2709 ratio
1117 2671 1218 2709 inter
1239 2682 1378 2710 aurum
1397 2683 1539 2720 purum
1562 2676 1600 2710 et
1622 2676 1823 2721 argentum
1842 2670 1913 2710 fuit
1934 2672 2030 2711 haec
2046 2671 2109 2719 2,4
2126 2684 2138 2718 ζ
2155 2673 2257 2718 21,6,

302 2737 413 2789 quod
443 2743 501 2776 est
529 2754 572 2773 aa
605 2738 712 2782 129,
741 2744 784 2776 ut
811 2739 852 2776 in
881 2736 952 2776 illo
981 2735 1138 2778 metallo
1169 2737 1377 2776 coniuncta
1406 2736 1549 2778 fuerint
1582 2736 1691 2790 2²¹⁸]-
1711 2739 1795 2776 auri
1823 2739 1912 2790 puri
1940 2752 2028 2779 cum
2059 2739 2119 2792 1-2-
2135 2739 2257 2779 talen-

299 2809 348 2850 tis
377 2808 535 2860 argenti.
896 2800 898 2802 ’

489 2875 542 2914 At
569 2873 654 2915 noli
684 2872 845 2912 credere
874 2880 950 2912 tam
986 2875 1224 2923 praestrictis
1253 2888 1314 2913 me
1345 2887 1430 2916 esse
1460 2874 1597 2922 oculis,
1636 2882 1677 2915 ut
1705 2875 1781 2921 his,
1820 2888 1918 2925 quas
1950 2874 2072 2915 modo
2101 2877 2258 2922 institui,

301 2941 517 2984 rationibus
537 2941 650 2981 nimis
671 2939 835 2982 multum
854 2938 1038 2985 tribuamz
1069 2953 1303 2993 quamquam
1321 2940 1362 2982 id
1380 2940 1547 2983 libenter
1569 2941 1775 2990 confiteor,
1805 2941 1952 2994 aliquid
1971 2944 2012 2984 in
2029 2944 2075 2983 iis
2090 2941 2181 2983 mihi
2202 2944 2258 2983 vi-
