<?xml version="1.0" encoding="UTF-8"?>
<!DOCTYPE html PUBLIC "-//W3C//DTD XHTML 1.0 Transitional//EN"
    "http://www.w3.org/TR/xhtml1/DTD/xhtml1-transitional.dtd">
<html xmlns="http://www.w3.org/1999/xhtml" xml:lang="en" lang="en">
 <head>
  <title>
</title>
<meta http-equiv="Content-Type" content="text/html;charset=utf-8" />
  <meta name='ocr-system' content='tesseract 3.04.00' />
  <meta name='ocr-capabilities' content='ocr_page ocr_carea ocr_par ocr_line ocrx_word'/>
</head>
<body>
  <div class='ocr_page' id='page_1' title='image "./4769613_0035.png"; bbox 0 0 2572 3423; ppageno 0'>
   <div class='ocr_carea' id='block_1_1' title="bbox 1240 146 1302 193">
    <p class='ocr_par' dir='ltr' id='par_1_1' title="bbox 1240 146 1302 193">
     <span class='ocr_line' id='line_1_1' title="bbox 1240 146 1302 193; baseline 0.032 -2"><span class='ocrx_word' id='word_1_1' title='bbox 1240 146 1302 193; x_wconf 79' lang='lat'><strong>27</strong></span> 
     </span>
    </p>
   </div>
   <div class='ocr_carea' id='block_1_2' title="bbox 1126 216 1417 234">
    <p class='ocr_par' dir='ltr' id='par_1_2' title="bbox 1126 216 1417 234">
     <span class='ocr_line' id='line_1_2' title="bbox 1126 216 1417 234; baseline 0.003 -1"><span class='ocrx_word' id='word_1_2' title='bbox 1126 216 1417 234; x_wconf 65' lang='lat' dir='ltr'><strong>mm</strong></span> 
     </span>
    </p>
   </div>
   <div class='ocr_carea' id='block_1_3' title="bbox 282 309 2250 2138">
    <p class='ocr_par' dir='ltr' id='par_1_3' title="bbox 290 309 2250 1182">
     <span class='ocr_line' id='line_1_3' title="bbox 295 309 2250 364; baseline 0.002 -14"><span class='ocrx_word' id='word_1_3' title='bbox 295 311 435 352; x_wconf 90' lang='lat' dir='ltr'><strong>lineam</strong></span> <span class='ocrx_word' id='word_1_4' title='bbox 474 311 682 364; x_wconf 82' lang='lat' dir='ltr'><strong>significari</strong></span> <span class='ocrx_word' id='word_1_5' title='bbox 718 310 857 350; x_wconf 89' lang='lat' dir='ltr'><strong>dicant.</strong></span> <span class='ocrx_word' id='word_1_6' title='bbox 913 309 1038 351; x_wconf 88' lang='lat' dir='ltr'><strong>Paulo</strong></span> <span class='ocrx_word' id='word_1_7' title='bbox 1068 310 1220 351; x_wconf 76' lang='lat' dir='ltr'><strong>facilius</strong></span> <span class='ocrx_word' id='word_1_8' title='bbox 1255 312 1378 364; x_wconf 79' lang='lat' dir='ltr'><strong>possit</strong></span> <span class='ocrx_word' id='word_1_9' title='bbox 1406 310 1509 359; x_wconf 82' lang='lat' dir='ltr'><strong>ferri,</strong></span> <span class='ocrx_word' id='word_1_10' title='bbox 1537 314 1568 351; x_wconf 88' lang='lat' dir='ltr'><strong>si</strong></span> <span class='ocrx_word' id='word_1_11' title='bbox 1597 311 1835 352; x_wconf 82' lang='lat' dir='ltr'><strong>altitudinem</strong></span> <span class='ocrx_word' id='word_1_12' title='bbox 1864 312 1995 354; x_wconf 86' lang='lat' dir='ltr'><strong>lateris</strong></span> <span class='ocrx_word' id='word_1_13' title='bbox 2023 314 2106 352; x_wconf 83' lang='lat' dir='ltr'><strong>sive</strong></span> <span class='ocrx_word' id='word_1_14' title='bbox 2133 315 2250 353; x_wconf 80' lang='lat' dir='ltr'><strong>trian-</strong></span> 
     </span>
     <span class='ocr_line' id='line_1_4' title="bbox 294 377 2250 435; baseline 0.001 -16"><span class='ocrx_word' id='word_1_15' title='bbox 294 381 373 433; x_wconf 76' lang='lat' dir='ltr'><strong>guli</strong></span> <span class='ocrx_word' id='word_1_16' title='bbox 403 394 486 419; x_wconf 90' lang='lat' dir='ltr'><strong>eam</strong></span> <span class='ocrx_word' id='word_1_17' title='bbox 513 380 666 426; x_wconf 81' lang='lat' dir='ltr'><strong>lineam,</strong></span> <span class='ocrx_word' id='word_1_18' title='bbox 694 392 795 432; x_wconf 85' lang='lat' dir='ltr'><strong>quae</strong></span> <span class='ocrx_word' id='word_1_19' title='bbox 825 392 848 418; x_wconf 88' lang='lat' dir='ltr'><strong>a</strong></span> <span class='ocrx_word' id='word_1_20' title='bbox 868 378 1132 431; x_wconf 82' lang='lat' dir='ltr'><strong>Francogallis</strong></span> <span class='ocrx_word' id='word_1_21' title='bbox 1162 377 1418 435; x_wconf 52' lang='lat' dir='ltr'><strong>,apothemffl</strong></span> <span class='ocrx_word' id='word_1_22' title='bbox 1448 378 1666 431; x_wconf 87' lang='lat' dir='ltr'><strong>appellatur</strong></span> <span class='ocrx_word' id='word_1_23' title='bbox 1694 394 1782 419; x_wconf 89' lang='lat' dir='ltr'><strong>cum</strong></span> <span class='ocrx_word' id='word_1_24' title='bbox 1810 394 1902 420; x_wconf 82' lang='lat' dir='ltr'><strong>vera</strong></span> <span class='ocrx_word' id='word_1_25' title='bbox 1930 381 2145 434; x_wconf 72' lang='lat' dir='ltr'>pyramidis</span> <span class='ocrx_word' id='word_1_26' title='bbox 2163 381 2250 420; x_wconf 77' lang='lat' dir='ltr'><strong>alti-</strong></span> 
     </span>
     <span class='ocr_line' id='line_1_5' title="bbox 293 447 2249 499; baseline 0.001 -11"><span class='ocrx_word' id='word_1_27' title='bbox 293 448 428 488; x_wconf 84' lang='lat' dir='ltr'>tudine</span> <span class='ocrx_word' id='word_1_28' title='bbox 465 448 688 487; x_wconf 81' lang='lat' dir='ltr'><strong>confusam·</strong></span> <span class='ocrx_word' id='word_1_29' title='bbox 703 461 788 487; x_wconf 90' lang='lat' dir='ltr'><strong>esse</strong></span> <span class='ocrx_word' id='word_1_30' title='bbox 817 447 947 487; x_wconf 84' lang='lat' dir='ltr'><strong>dicere</strong></span> <span class='ocrx_word' id='word_1_31' title='bbox 974 447 1155 494; x_wconf 88' lang='lat' dir='ltr'><strong>velimus;</strong></span> <span class='ocrx_word' id='word_1_32' title='bbox 1194 454 1246 495; x_wconf 94' lang='lat' dir='ltr'><strong>et,</strong></span> <span class='ocrx_word' id='word_1_33' title='bbox 1275 448 1416 487; x_wconf 83' lang='lat' dir='ltr'><strong>nescio</strong></span> <span class='ocrx_word' id='word_1_34' title='bbox 1446 447 1603 499; x_wconf 86' lang='lat' dir='ltr'><strong>quidem</strong></span> <span class='ocrx_word' id='word_1_35' title='bbox 1632 460 1681 486; x_wconf 89' lang='lat' dir='ltr'><strong>an</strong></span> <span class='ocrx_word' id='word_1_36' title='bbox 1718 460 1811 487; x_wconf 86' lang='lat' dir='ltr'><strong>casu</strong></span> <span class='ocrx_word' id='word_1_37' title='bbox 1838 448 1907 488; x_wconf 87' lang='lat' dir='ltr'><strong>fiat</strong></span> <span class='ocrx_word' id='word_1_38' title='bbox 1942 450 2113 498; x_wconf 82' lang='lat' dir='ltr'><strong>fortuito,</strong></span> <span class='ocrx_word' id='word_1_39' title='bbox 2150 450 2249 490; x_wconf 90' lang='lat' dir='ltr'><strong>Dio·</strong></span> 
     </span>
     <span class='ocr_line' id='line_1_6' title="bbox 293 512 2247 569; baseline 0.001 -14"><span class='ocrx_word' id='word_1_40' title='bbox 293 516 380 555; x_wconf 87' lang='lat' dir='ltr'><strong>dori</strong></span> <span class='ocrx_word' id='word_1_41' title='bbox 408 515 529 555; x_wconf 88' lang='lat' dir='ltr'><strong>verba</strong></span> <span class='ocrx_word' id='word_1_42' title='bbox 558 516 695 567; x_wconf 78' lang='lat'><strong>(1,63):</strong></span> <span class='ocrx_word' id='word_1_43' title='bbox 724 514 787 564; x_wconf 83' lang='grc' dir='ltr'><strong>,,τδ</strong></span> <span class='ocrx_word' id='word_1_44' title='bbox 810 515 849 557; x_wconf 62' lang='grc' dir='ltr'><strong><em>ἃ</em></strong></span> <span class='ocrx_word' id='word_1_45' title='bbox 872 514 973 569; x_wconf 68' lang='grc' dir='ltr'><strong>ὕψος</strong></span> <span class='ocrx_word' id='word_1_46' title='bbox 994 514 1108 556; x_wconf 61' lang='grc' dir='ltr'>πλείω</span> <span class='ocrx_word' id='word_1_47' title='bbox 1130 514 1199 555; x_wconf 67' lang='lat' dir='ltr'><strong>rei-”m</strong></span> <span class='ocrx_word' id='word_1_48' title='bbox 1224 512 1265 569; x_wconf 68' lang='grc' dir='ltr'><strong>ἓξ</strong></span> <span class='ocrx_word' id='word_1_49' title='bbox 1288 513 1481 569; x_wconf 64' lang='grc' dir='ltr'><strong>πλέθρων.”</strong></span> <span class='ocrx_word' id='word_1_50' title='bbox 1511 529 1533 554; x_wconf 91' lang='lat' dir='ltr'><strong>a</strong></span> <span class='ocrx_word' id='word_1_51' title='bbox 1560 518 1722 555; x_wconf 85' lang='lat' dir='ltr'><strong>veritate</strong></span> <span class='ocrx_word' id='word_1_52' title='bbox 1750 528 1831 555; x_wconf 92' lang='lat' dir='ltr'><strong>non</strong></span> <span class='ocrx_word' id='word_1_53' title='bbox 1859 515 2078 564; x_wconf 87' lang='lat' dir='ltr'><strong>abhorrent,</strong></span> <span class='ocrx_word' id='word_1_54' title='bbox 2108 520 2138 557; x_wconf 92' lang='lat' dir='ltr'><strong>si</strong></span> <span class='ocrx_word' id='word_1_55' title='bbox 2159 531 2247 557; x_wconf 88' lang='lat' dir='ltr'><strong>ver-</strong></span> 
     </span>
     <span class='ocr_line' id='line_1_7' title="bbox 291 582 2245 638; baseline 0.001 -15"><span class='ocrx_word' id='word_1_56' title='bbox 291 583 387 623; x_wconf 87' lang='lat' dir='ltr'><strong>bum</strong></span> <span class='ocrx_word' id='word_1_57' title='bbox 416 582 516 638; x_wconf 66' lang='grc' dir='ltr'><strong>ὕψος</strong></span> <span class='ocrx_word' id='word_1_58' title='bbox 543 585 596 623; x_wconf 88' lang='lat' dir='ltr'><strong>ita</strong></span> <span class='ocrx_word' id='word_1_59' title='bbox 623 583 756 624; x_wconf 86' lang='lat' dir='ltr'><strong>licebit</strong></span> <span class='ocrx_word' id='word_1_60' title='bbox 785 585 974 636; x_wconf 84' lang='lat' dir='ltr'><strong>accipere.</strong></span> <span class='ocrx_word' id='word_1_61' title='bbox 1029 583 1116 624; x_wconf 87' lang='lat' dir='ltr'><strong>Nec</strong></span> <span class='ocrx_word' id='word_1_62' title='bbox 1142 590 1224 623; x_wconf 90' lang='lat' dir='ltr'><strong>tum</strong></span> <span class='ocrx_word' id='word_1_63' title='bbox 1253 582 1303 622; x_wconf 88' lang='lat' dir='ltr'><strong>ab</strong></span> <span class='ocrx_word' id='word_1_64' title='bbox 1332 583 1526 623; x_wconf 84' lang='lat' dir='ltr'><strong>Herodoti</strong></span> <span class='ocrx_word' id='word_1_65' title='bbox 1561 596 1679 623; x_wconf 88' lang='lat' dir='ltr'><strong>causa</strong></span> <span class='ocrx_word' id='word_1_66' title='bbox 1707 597 1868 635; x_wconf 89' lang='lat' dir='ltr'><strong>prorsus</strong></span> <span class='ocrx_word' id='word_1_67' title='bbox 1896 584 2156 624; x_wconf 87' lang='lat' dir='ltr'><strong>recedendum</strong></span> <span class='ocrx_word' id='word_1_68' title='bbox 2185 588 2245 625; x_wconf 86' lang='lat' dir='ltr'><strong>sit.</strong></span> 
     </span>
     <span class='ocr_line' id='line_1_8' title="bbox 295 651 2248 704; baseline 0 -12"><span class='ocrx_word' id='word_1_69' title='bbox 295 651 469 692; x_wconf 88' lang='lat' dir='ltr'><strong>Omnino</strong></span> <span class='ocrx_word' id='word_1_70' title='bbox 490 653 590 691; x_wconf 90' lang='lat' dir='ltr'><strong>enim</strong></span> <span class='ocrx_word' id='word_1_71' title='bbox 620 652 849 693; x_wconf 79' lang='lat' dir='ltr'><strong>incredibile</strong></span> <span class='ocrx_word' id='word_1_72' title='bbox 876 666 957 692; x_wconf 89' lang='lat' dir='ltr'><strong>non</strong></span> <span class='ocrx_word' id='word_1_73' title='bbox 984 659 1053 700; x_wconf 91' lang='lat' dir='ltr'><strong>est,</strong></span> <span class='ocrx_word' id='word_1_74' title='bbox 1086 652 1207 700; x_wconf 89' lang='lat' dir='ltr'><strong>illum,</strong></span> <span class='ocrx_word' id='word_1_75' title='bbox 1243 665 1331 691; x_wconf 91' lang='lat' dir='ltr'><strong>cum</strong></span> <span class='ocrx_word' id='word_1_76' title='bbox 1359 651 1600 704; x_wconf 78' lang='lat' dir='ltr'><strong>pyramidem</strong></span> <span class='ocrx_word' id='word_1_77' title='bbox 1624 652 1842 704; x_wconf 79' lang='lat' dir='ltr'><strong>adspiceret</strong></span> <span class='ocrx_word' id='word_1_78' title='bbox 1869 653 1983 693; x_wconf 91' lang='lat' dir='ltr'><strong>huius</strong></span> <span class='ocrx_word' id='word_1_79' title='bbox 2011 653 2137 693; x_wconf 89' lang='lat' dir='ltr'><strong>lineae</strong></span> <span class='ocrx_word' id='word_1_80' title='bbox 2166 654 2248 692; x_wconf 89' lang='lat' dir='ltr'><strong>alti-</strong></span> 
     </span>
     <span class='ocr_line' id='line_1_9' title="bbox 291 719 2246 773; baseline 0.001 -14"><span class='ocrx_word' id='word_1_81' title='bbox 291 719 466 760; x_wconf 84' lang='lat' dir='ltr'><strong>tudinem</strong></span> <span class='ocrx_word' id='word_1_82' title='bbox 495 723 775 769; x_wconf 81' lang='lat' dir='ltr'><strong>aestimaturus,</strong></span> <span class='ocrx_word' id='word_1_83' title='bbox 810 727 917 761; x_wconf 89' lang='lat' dir='ltr'><strong>recte</strong></span> <span class='ocrx_word' id='word_1_84' title='bbox 946 719 1209 773; x_wconf 81' lang='lat' dir='ltr'><strong>perpendisse,</strong></span> <span class='ocrx_word' id='word_1_85' title='bbox 1244 722 1467 759; x_wconf 83' lang='lat' dir='ltr'><strong>necessario</strong></span> <span class='ocrx_word' id='word_1_86' title='bbox 1496 722 1605 760; x_wconf 89' lang='lat' dir='ltr'><strong>istam</strong></span> <span class='ocrx_word' id='word_1_87' title='bbox 1635 720 1776 760; x_wconf 90' lang='lat' dir='ltr'><strong>lineam</strong></span> <span class='ocrx_word' id='word_1_88' title='bbox 1805 720 1878 761; x_wconf 90' lang='lat' dir='ltr'><strong>sibi</strong></span> <span class='ocrx_word' id='word_1_89' title='bbox 1907 721 2029 763; x_wconf 85' lang='lat' dir='ltr'><strong>multo</strong></span> <span class='ocrx_word' id='word_1_90' title='bbox 2058 724 2246 761; x_wconf 90' lang='lat' dir='ltr'><strong>minorem</strong></span> 
     </span>
     <span class='ocr_line' id='line_1_10' title="bbox 290 787 2245 842; baseline 0.002 -15"><span class='ocrx_word' id='word_1_91' title='bbox 290 787 426 837; x_wconf 84' lang='lat' dir='ltr'><strong>videri,</strong></span> <span class='ocrx_word' id='word_1_92' title='bbox 462 802 578 841; x_wconf 90' lang='lat' dir='ltr'><strong>quam</strong></span> <span class='ocrx_word' id='word_1_93' title='bbox 612 802 705 829; x_wconf 87' lang='lat' dir='ltr'><strong>vere</strong></span> <span class='ocrx_word' id='word_1_94' title='bbox 739 795 853 837; x_wconf 87' lang='lat' dir='ltr'><strong>esset,</strong></span> <span class='ocrx_word' id='word_1_95' title='bbox 890 796 1178 842; x_wconf 85' lang='lat' dir='ltr'><strong>proptereaque</strong></span> <span class='ocrx_word' id='word_1_96' title='bbox 1212 787 1263 827; x_wconf 91' lang='lat' dir='ltr'><strong>ad</strong></span> <span class='ocrx_word' id='word_1_97' title='bbox 1293 800 1511 827; x_wconf 87' lang='lat' dir='ltr'><strong>mensuram</strong></span> <span class='ocrx_word' id='word_1_98' title='bbox 1540 788 1665 831; x_wconf 87' lang='lat' dir='ltr'><strong>oculis</strong></span> <span class='ocrx_word' id='word_1_99' title='bbox 1694 796 1917 842; x_wconf 84' lang='lat' dir='ltr'><strong>perceptam</strong></span> <span class='ocrx_word' id='word_1_100' title='bbox 1953 789 2098 842; x_wconf 86' lang='lat' dir='ltr'><strong>aliquid</strong></span> <span class='ocrx_word' id='word_1_101' title='bbox 2135 787 2245 830; x_wconf 79' lang='lat' dir='ltr'><strong>addi-</strong></span> 
     </span>
     <span class='ocr_line' id='line_1_11' title="bbox 293 856 2244 911; baseline 0.001 -15"><span class='ocrx_word' id='word_1_102' title='bbox 293 857 406 904; x_wconf 85' lang='lat' dir='ltr'><strong>disse,</strong></span> <span class='ocrx_word' id='word_1_103' title='bbox 436 871 518 909; x_wconf 93' lang='lat' dir='ltr'><strong>quo</strong></span> <span class='ocrx_word' id='word_1_104' title='bbox 546 871 595 896; x_wconf 89' lang='lat' dir='ltr'><strong>ne</strong></span> <span class='ocrx_word' id='word_1_105' title='bbox 623 860 726 897; x_wconf 91' lang='lat' dir='ltr'><strong>iusto</strong></span> <span class='ocrx_word' id='word_1_106' title='bbox 754 860 938 897; x_wconf 90' lang='lat' dir='ltr'><strong>maiorem</strong></span> <span class='ocrx_word' id='word_1_107' title='bbox 959 858 1134 897; x_wconf 84' lang='lat' dir='ltr'><strong>efficeret</strong></span> <span class='ocrx_word' id='word_1_108' title='bbox 1152 856 1442 908; x_wconf 82' lang='lat' dir='ltr'><strong>longitudinem,</strong></span> <span class='ocrx_word' id='word_1_109' title='bbox 1470 869 1551 895; x_wconf 86' lang='lat' dir='ltr'><strong>non</strong></span> <span class='ocrx_word' id='word_1_110' title='bbox 1570 860 1660 896; x_wconf 88' lang='lat' dir='ltr'><strong>satis</strong></span> <span class='ocrx_word' id='word_1_111' title='bbox 1681 857 1933 909; x_wconf 86' lang='lat' dir='ltr'><strong>prohibuerit.</strong></span> <span class='ocrx_word' id='word_1_112' title='bbox 1956 881 2006 888; x_wconf 91' lang='lat'><strong>-—</strong></span> <span class='ocrx_word' id='word_1_113' title='bbox 2047 859 2244 911; x_wconf 79' lang='lat' dir='ltr'><strong>Schweig-</strong></span> 
     </span>
     <span class='ocr_line' id='line_1_12' title="bbox 292 924 2244 978; baseline 0.001 -13"><span class='ocrx_word' id='word_1_114' title='bbox 292 926 505 965; x_wconf 89' lang='lat' dir='ltr'><strong>haeuserus</strong></span> <span class='ocrx_word' id='word_1_115' title='bbox 534 927 573 965; x_wconf 89' lang='lat' dir='ltr'><strong>in</strong></span> <span class='ocrx_word' id='word_1_116' title='bbox 601 924 725 965; x_wconf 87' lang='lat' dir='ltr'><strong>lexico</strong></span> <span class='ocrx_word' id='word_1_117' title='bbox 755 929 803 975; x_wconf 92' lang='lat' dir='ltr'><strong>(s.</strong></span> <span class='ocrx_word' id='word_1_118' title='bbox 823 941 859 965; x_wconf 86' lang='lat' dir='ltr'><strong>v.</strong></span> <span class='ocrx_word' id='word_1_119' title='bbox 879 924 971 978; x_wconf 79' lang='grc' dir='ltr'>ἴσος)</span> <span class='ocrx_word' id='word_1_120' title='bbox 998 925 1049 965; x_wconf 92' lang='lat' dir='ltr'><strong>de</strong></span> <span class='ocrx_word' id='word_1_121' title='bbox 1076 932 1211 966; x_wconf 86' lang='lat' dir='ltr'><strong>nostro</strong></span> <span class='ocrx_word' id='word_1_122' title='bbox 1240 924 1331 966; x_wconf 91' lang='lat' dir='ltr'><strong>loco</strong></span> <span class='ocrx_word' id='word_1_123' title='bbox 1360 924 1457 964; x_wconf 89' lang='lat' dir='ltr'><strong>haec</strong></span> <span class='ocrx_word' id='word_1_124' title='bbox 1485 924 1617 964; x_wconf 89' lang='lat' dir='ltr'><strong>habet:</strong></span> <span class='ocrx_word' id='word_1_125' title='bbox 1648 926 1752 974; x_wconf 83' lang='lat' dir='ltr'><strong>„Sed</strong></span> <span class='ocrx_word' id='word_1_126' title='bbox 1781 926 1835 965; x_wconf 88' lang='lat' dir='ltr'><strong>ibi</strong></span> <span class='ocrx_word' id='word_1_127' title='bbox 1865 934 1931 966; x_wconf 91' lang='lat' dir='ltr'><strong>aut</strong></span> <span class='ocrx_word' id='word_1_128' title='bbox 1959 926 2009 967; x_wconf 89' lang='lat' dir='ltr'><strong>ab</strong></span> <span class='ocrx_word' id='word_1_129' title='bbox 2038 926 2244 967; x_wconf 84' lang='lat' dir='ltr'><strong>Herodoto</strong></span> 
     </span>
     <span class='ocr_line' id='line_1_13' title="bbox 292 991 2246 1050; baseline 0.002 -18"><span class='ocrx_word' id='word_1_130' title='bbox 292 1000 359 1033; x_wconf 89' lang='lat' dir='ltr'><strong>aut</strong></span> <span class='ocrx_word' id='word_1_131' title='bbox 387 1007 410 1032; x_wconf 90' lang='lat' dir='ltr'><strong>a</strong></span> <span class='ocrx_word' id='word_1_132' title='bbox 439 993 604 1033; x_wconf 89' lang='lat' dir='ltr'><strong>librariis</strong></span> <span class='ocrx_word' id='word_1_133' title='bbox 635 1001 801 1034; x_wconf 88' lang='lat' dir='ltr'><strong>erratum</strong></span> <span class='ocrx_word' id='word_1_134' title='bbox 831 1001 900 1042; x_wconf 88' lang='lat' dir='ltr'><strong>est,</strong></span> <span class='ocrx_word' id='word_1_135' title='bbox 930 997 1002 1034; x_wconf 88' lang='lat' dir='ltr'><strong>nisi</strong></span> <span class='ocrx_word' id='word_1_136' title='bbox 1030 994 1161 1034; x_wconf 78' lang='lat' dir='ltr'><strong>forsan</strong></span> <span class='ocrx_word' id='word_1_137' title='bbox 1190 991 1261 1034; x_wconf 73' lang='grc' dir='ltr'><strong>ἴσον</strong></span> <span class='ocrx_word' id='word_1_138' title='bbox 1288 992 1432 1033; x_wconf 87' lang='lat' dir='ltr'><strong>ibidem</strong></span> <span class='ocrx_word' id='word_1_139' title='bbox 1462 993 1582 1033; x_wconf 86' lang='lat' dir='ltr'><strong>valet:</strong></span> <span class='ocrx_word' id='word_1_140' title='bbox 1614 997 1694 1035; x_wconf 80' lang='lat' dir='ltr'><strong>Pm</strong></span> <span class='ocrx_word' id='word_1_141' title='bbox 1725 996 1897 1046; x_wconf 66' lang='lat' dir='ltr'><strong>ratiosze,</strong></span> <span class='ocrx_word' id='word_1_142' title='bbox 1920 998 1999 1035; x_wconf 75' lang='grc' dir='ltr'><strong>Ρη)</strong></span> <span class='ocrx_word' id='word_1_143' title='bbox 2024 995 2246 1050; x_wconf 53' lang='lat' dir='ltr'><strong>portione?</strong></span> 
     </span>
     <span class='ocr_line' id='line_1_14' title="bbox 290 1060 2242 1114; baseline 0.001 -14"><span class='ocrx_word' id='word_1_144' title='bbox 290 1063 411 1109; x_wconf 86' lang='lat' dir='ltr'><strong>Tueri</strong></span> <span class='ocrx_word' id='word_1_145' title='bbox 445 1064 559 1113; x_wconf 84' lang='lat' dir='ltr'><strong>igitur</strong></span> <span class='ocrx_word' id='word_1_146' title='bbox 594 1062 749 1101; x_wconf 86' lang='lat' dir='ltr'><strong>videtur</strong></span> <span class='ocrx_word' id='word_1_147' title='bbox 783 1066 979 1114; x_wconf 86' lang='lat' dir='ltr'><strong>propriam</strong></span> <span class='ocrx_word' id='word_1_148' title='bbox 1013 1062 1125 1101; x_wconf 86' lang='lat' dir='ltr'><strong>verbi</strong></span> <span class='ocrx_word' id='word_1_149' title='bbox 1159 1060 1261 1114; x_wconf 65' lang='grc' dir='ltr'><strong>ὕψος</strong></span> <span class='ocrx_word' id='word_1_150' title='bbox 1286 1062 1619 1113; x_wconf 77' lang='lat' dir='ltr'><strong>significationem.</strong></span> <span class='ocrx_word' id='word_1_151' title='bbox 1674 1062 1776 1101; x_wconf 88' lang='lat' dir='ltr'><strong>Illud</strong></span> <span class='ocrx_word' id='word_1_152' title='bbox 1804 1069 1932 1102; x_wconf 87' lang='lat' dir='ltr'><strong>autem</strong></span> <span class='ocrx_word' id='word_1_153' title='bbox 1961 1067 2042 1102; x_wconf 84' lang='lat' dir='ltr'><strong>Pm</strong></span> <span class='ocrx_word' id='word_1_154' title='bbox 2074 1065 2242 1110; x_wconf 81' lang='lat' dir='ltr'><strong>ratione,</strong></span> 
     </span>
     <span class='ocr_line' id='line_1_15' title="bbox 290 1129 732 1182; baseline 0.002 -14"><span class='ocrx_word' id='word_1_155' title='bbox 290 1129 512 1169; x_wconf 85' lang='lat' dir='ltr'><strong>dubitamus</strong></span> <span class='ocrx_word' id='word_1_156' title='bbox 546 1133 732 1182; x_wconf 88' lang='lat' dir='ltr'><strong>accipere.</strong></span> 
     </span>
    </p>

    <p class='ocr_par' dir='ltr' id='par_1_4' title="bbox 282 1195 2244 2138">
     <span class='ocr_line' id='line_1_16' title="bbox 477 1195 2243 1251; baseline -0.001 -13"><span class='ocrx_word' id='word_1_157' title='bbox 477 1197 673 1247; x_wconf 88' lang='lat' dir='ltr'><strong>Ceterum,</strong></span> <span class='ocrx_word' id='word_1_158' title='bbox 702 1205 745 1238; x_wconf 92' lang='lat' dir='ltr'><strong>ut</strong></span> <span class='ocrx_word' id='word_1_159' title='bbox 764 1197 814 1238; x_wconf 92' lang='lat' dir='ltr'><strong>de</strong></span> <span class='ocrx_word' id='word_1_160' title='bbox 833 1200 934 1239; x_wconf 79' lang='lat' dir='ltr'><strong>veris</strong></span> <span class='ocrx_word' id='word_1_161' title='bbox 963 1198 1077 1239; x_wconf 91' lang='lat' dir='ltr'><strong>huius</strong></span> <span class='ocrx_word' id='word_1_162' title='bbox 1106 1195 1318 1251; x_wconf 79' lang='lat' dir='ltr'><strong>pyramidis</strong></span> <span class='ocrx_word' id='word_1_163' title='bbox 1343 1198 1534 1238; x_wconf 90' lang='lat' dir='ltr'><strong>mensuris</strong></span> <span class='ocrx_word' id='word_1_164' title='bbox 1563 1209 1689 1250; x_wconf 87' lang='lat' dir='ltr'><strong>pauca</strong></span> <span class='ocrx_word' id='word_1_165' title='bbox 1713 1196 1899 1246; x_wconf 89' lang='lat' dir='ltr'><strong>adiiciam,</strong></span> <span class='ocrx_word' id='word_1_166' title='bbox 1927 1198 2150 1240; x_wconf 82' lang='lat' dir='ltr'><strong>Boeckhius</strong></span> <span class='ocrx_word' id='word_1_167' title='bbox 2165 1198 2243 1248; x_wconf 78' lang='lat' dir='ltr'><strong>(tt.</strong></span> 
     </span>
     <span class='ocr_line' id='line_1_17' title="bbox 288 1267 2244 1319; baseline 0.001 -15"><span class='ocrx_word' id='word_1_168' title='bbox 288 1281 325 1318; x_wconf 87' lang='lat' dir='ltr'><strong>p.</strong></span> <span class='ocrx_word' id='word_1_169' title='bbox 338 1269 448 1316; x_wconf 83' lang='lat'>229).</span> <span class='ocrx_word' id='word_1_170' title='bbox 491 1267 671 1305; x_wconf 90' lang='lat' dir='ltr'><strong>Iomardo</strong></span> <span class='ocrx_word' id='word_1_171' title='bbox 692 1269 915 1314; x_wconf 88' lang='lat' dir='ltr'><strong>assentiens,</strong></span> <span class='ocrx_word' id='word_1_172' title='bbox 945 1269 1087 1314; x_wconf 89' lang='lat' dir='ltr'><strong>statuit,</strong></span> <span class='ocrx_word' id='word_1_173' title='bbox 1115 1268 1330 1318; x_wconf 80' lang='lat' dir='ltr'><strong>Aegyptiis,</strong></span> <span class='ocrx_word' id='word_1_174' title='bbox 1360 1280 1448 1305; x_wconf 86' lang='lat' dir='ltr'><strong>cum</strong></span> <span class='ocrx_word' id='word_1_175' title='bbox 1469 1279 1552 1305; x_wconf 87' lang='lat' dir='ltr'><strong>eam</strong></span> <span class='ocrx_word' id='word_1_176' title='bbox 1572 1273 1823 1314; x_wconf 80' lang='lat' dir='ltr'><strong>exstruerent,</strong></span> <span class='ocrx_word' id='word_1_177' title='bbox 1851 1269 2093 1319; x_wconf 90' lang='lat' dir='ltr'><strong>propositum</strong></span> <span class='ocrx_word' id='word_1_178' title='bbox 2114 1268 2244 1314; x_wconf 78' lang='lat' dir='ltr'><strong>fuisse,</strong></span> 
     </span>
     <span class='ocr_line' id='line_1_18' title="bbox 290 1334 2243 1387; baseline 0.001 -13"><span class='ocrx_word' id='word_1_179' title='bbox 290 1343 334 1375; x_wconf 91' lang='lat' dir='ltr'><strong>ut</strong></span> <span class='ocrx_word' id='word_1_180' title='bbox 369 1335 482 1375; x_wconf 88' lang='lat' dir='ltr'><strong>lateri</strong></span> <span class='ocrx_word' id='word_1_181' title='bbox 516 1334 621 1376; x_wconf 88' lang='lat' dir='ltr'><strong>basis</strong></span> <span class='ocrx_word' id='word_1_182' title='bbox 653 1338 732 1376; x_wconf 90' lang='lat'><strong>500</strong></span> <span class='ocrx_word' id='word_1_183' title='bbox 761 1335 902 1376; x_wconf 86' lang='lat' dir='ltr'><strong>cubitis</strong></span> <span class='ocrx_word' id='word_1_184' title='bbox 930 1350 1004 1376; x_wconf 92' lang='lat' dir='ltr'><strong>nec</strong></span> <span class='ocrx_word' id='word_1_185' title='bbox 1032 1337 1215 1375; x_wconf 85' lang='lat' dir='ltr'><strong>maiorem</strong></span> <span class='ocrx_word' id='word_1_186' title='bbox 1243 1348 1318 1375; x_wconf 90' lang='lat' dir='ltr'><strong>nec</strong></span> <span class='ocrx_word' id='word_1_187' title='bbox 1346 1337 1533 1375; x_wconf 89' lang='lat' dir='ltr'><strong>minorem</strong></span> <span class='ocrx_word' id='word_1_188' title='bbox 1563 1335 1700 1375; x_wconf 88' lang='lat' dir='ltr'><strong>darent</strong></span> <span class='ocrx_word' id='word_1_189' title='bbox 1727 1334 2016 1387; x_wconf 84' lang='lat' dir='ltr'><strong>longitudinem,</strong></span> <span class='ocrx_word' id='word_1_190' title='bbox 2053 1335 2243 1376; x_wconf 87' lang='lat' dir='ltr'><strong>altitudini</strong></span> 
     </span>
     <span class='ocr_line' id='line_1_19' title="bbox 288 1402 2240 1457; baseline 0.001 -15"><span class='ocrx_word' id='word_1_191' title='bbox 288 1416 384 1443; x_wconf 86' lang='lat' dir='ltr'><strong>vero</strong></span> <span class='ocrx_word' id='word_1_192' title='bbox 415 1404 594 1457; x_wconf 87' lang='lat' dir='ltr'><strong>trianguli</strong></span> <span class='ocrx_word' id='word_1_193' title='bbox 623 1403 775 1456; x_wconf 88' lang='lat' dir='ltr'><strong>obliqui</strong></span> <span class='ocrx_word' id='word_1_194' title='bbox 804 1404 1044 1456; x_wconf 71' lang='lat' dir='ltr'><strong>(apotheme)</strong></span> <span class='ocrx_word' id='word_1_195' title='bbox 1077 1403 1155 1444; x_wconf 89' lang='lat'><strong>400</strong></span> <span class='ocrx_word' id='word_1_196' title='bbox 1176 1402 1397 1445; x_wconf 89' lang='lat' dir='ltr'><strong>cubitorum</strong></span> <span class='ocrx_word' id='word_1_197' title='bbox 1426 1410 1644 1444; x_wconf 86' lang='lat' dir='ltr'><strong>accuratam</strong></span> <span class='ocrx_word' id='word_1_198' title='bbox 1672 1416 1900 1443; x_wconf 91' lang='lat' dir='ltr'><strong>mensuram.</strong></span> <span class='ocrx_word' id='word_1_199' title='bbox 1956 1403 2000 1444; x_wconf 88' lang='lat' dir='ltr'><strong>ld</strong></span> <span class='ocrx_word' id='word_1_200' title='bbox 2030 1406 2130 1444; x_wconf 90' lang='lat' dir='ltr'><strong>enim</strong></span> <span class='ocrx_word' id='word_1_201' title='bbox 2158 1405 2240 1444; x_wconf 79' lang='lat' dir='ltr'><strong>veri</strong></span> 
     </span>
     <span class='ocr_line' id='line_1_20' title="bbox 287 1471 2240 1523; baseline 0.001 -14"><span class='ocrx_word' id='word_1_202' title='bbox 287 1471 442 1509; x_wconf 83' lang='lat' dir='ltr'><strong>videtur</strong></span> <span class='ocrx_word' id='word_1_203' title='bbox 470 1472 712 1519; x_wconf 90' lang='lat' dir='ltr'><strong>simillimum,</strong></span> <span class='ocrx_word' id='word_1_204' title='bbox 740 1472 851 1523; x_wconf 90' lang='lat' dir='ltr'><strong>quod</strong></span> <span class='ocrx_word' id='word_1_205' title='bbox 878 1474 918 1510; x_wconf 91' lang='lat' dir='ltr'><strong>ni</strong></span> <span class='ocrx_word' id='word_1_206' title='bbox 946 1473 1061 1510; x_wconf 82' lang='lat' dir='ltr'><strong>fallor</strong></span> <span class='ocrx_word' id='word_1_207' title='bbox 1088 1472 1311 1510; x_wconf 88' lang='lat' dir='ltr'><strong>Neutonius</strong></span> <span class='ocrx_word' id='word_1_208' title='bbox 1340 1474 1487 1522; x_wconf 86' lang='lat' dir='ltr'><strong>primus</strong></span> <span class='ocrx_word' id='word_1_209' title='bbox 1515 1478 1627 1509; x_wconf 89' lang='lat' dir='ltr'><strong>acute</strong></span> <span class='ocrx_word' id='word_1_210' title='bbox 1653 1471 1927 1519; x_wconf 82' lang='lat' dir='ltr'><strong>animadvertit,</strong></span> <span class='ocrx_word' id='word_1_211' title='bbox 1954 1484 2138 1511; x_wconf 88' lang='lat' dir='ltr'><strong>numeros</strong></span> <span class='ocrx_word' id='word_1_212' title='bbox 2158 1484 2240 1519; x_wconf 85' lang='lat' dir='ltr'><strong>eos,</strong></span> 
     </span>
     <span class='ocr_line' id='line_1_21' title="bbox 287 1538 2236 1592; baseline 0 -14"><span class='ocrx_word' id='word_1_213' title='bbox 287 1538 432 1591; x_wconf 82' lang='lat' dir='ltr'><strong>quibus</strong></span> <span class='ocrx_word' id='word_1_214' title='bbox 460 1539 616 1579; x_wconf 88' lang='lat' dir='ltr'><strong>illorum</strong></span> <span class='ocrx_word' id='word_1_215' title='bbox 644 1553 807 1591; x_wconf 88' lang='lat' dir='ltr'><strong>operum</strong></span> <span class='ocrx_word' id='word_1_216' title='bbox 836 1553 1036 1579; x_wconf 89' lang='lat' dir='ltr'><strong>mensuras</strong></span> <span class='ocrx_word' id='word_1_217' title='bbox 1065 1538 1272 1579; x_wconf 82' lang='lat' dir='ltr'><strong>definirent</strong></span> <span class='ocrx_word' id='word_1_218' title='bbox 1301 1541 1449 1590; x_wconf 88' lang='lat' dir='ltr'><strong>antiqui</strong></span> <span class='ocrx_word' id='word_1_219' title='bbox 1468 1540 1661 1591; x_wconf 77' lang='lat' dir='ltr'><strong>Aegyptii,</strong></span> <span class='ocrx_word' id='word_1_220' title='bbox 1691 1538 1786 1578; x_wconf 89' lang='lat' dir='ltr'><strong>tales</strong></span> <span class='ocrx_word' id='word_1_221' title='bbox 1814 1538 1946 1587; x_wconf 84' lang='lat' dir='ltr'><strong>fuisse,</strong></span> <span class='ocrx_word' id='word_1_222' title='bbox 1975 1541 2041 1592; x_wconf 89' lang='lat' dir='ltr'><strong>qui</strong></span> <span class='ocrx_word' id='word_1_223' title='bbox 2072 1553 2094 1578; x_wconf 91' lang='lat' dir='ltr'><strong>a</strong></span> <span class='ocrx_word' id='word_1_224' title='bbox 2121 1538 2236 1580; x_wconf 90' lang='lat' dir='ltr'><strong>nobis</strong></span> 
     </span>
     <span class='ocr_line' id='line_1_22' title="bbox 286 1605 2241 1660; baseline 0 -14"><span class='ocrx_word' id='word_1_225' title='bbox 286 1605 452 1655; x_wconf 73' lang='lat' dir='ltr'><strong>„nunde</strong></span> <span class='ocrx_word' id='word_1_226' title='bbox 490 1606 671 1646; x_wconf 79' lang='lat' dir='ltr'><strong>Zalzlen”</strong></span> <span class='ocrx_word' id='word_1_227' title='bbox 707 1608 960 1660; x_wconf 86' lang='lat' dir='ltr'><strong>appellantur.</strong></span> <span class='ocrx_word' id='word_1_228' title='bbox 1023 1608 1211 1659; x_wconf 88' lang='lat' dir='ltr'><strong>Sequitur</strong></span> <span class='ocrx_word' id='word_1_229' title='bbox 1247 1614 1386 1654; x_wconf 87' lang='lat' dir='ltr'><strong>autem,</strong></span> <span class='ocrx_word' id='word_1_230' title='bbox 1422 1609 1455 1645; x_wconf 87' lang='lat' dir='ltr'><strong>si</strong></span> <span class='ocrx_word' id='word_1_231' title='bbox 1490 1607 1678 1646; x_wconf 87' lang='lat' dir='ltr'><strong>Boeckhii</strong></span> <span class='ocrx_word' id='word_1_232' title='bbox 1711 1620 1895 1646; x_wconf 90' lang='lat' dir='ltr'><strong>numeros</strong></span> <span class='ocrx_word' id='word_1_233' title='bbox 1930 1607 2154 1659; x_wconf 90' lang='lat' dir='ltr'><strong>probamus,</strong></span> <span class='ocrx_word' id='word_1_234' title='bbox 2195 1614 2241 1646; x_wconf 91' lang='lat' dir='ltr'><strong>ut</strong></span> 
     </span>
     <span class='ocr_line' id='line_1_23' title="bbox 285 1674 2241 1729; baseline 0.001 -14"><span class='ocrx_word' id='word_1_235' title='bbox 285 1675 570 1728; x_wconf 79' lang='lat' dir='ltr'><strong>Aegyptiorum</strong></span> <span class='ocrx_word' id='word_1_236' title='bbox 608 1675 782 1716; x_wconf 88' lang='lat' dir='ltr'><strong>cubitum</strong></span> <span class='ocrx_word' id='word_1_237' title='bbox 817 1676 1014 1729; x_wconf 82' lang='lat' dir='ltr'><strong>vulgarem</strong></span> <span class='ocrx_word' id='word_1_238' title='bbox 1051 1675 1206 1716; x_wconf 89' lang='lat' dir='ltr'><strong>Graeco</strong></span> <span class='ocrx_word' id='word_1_239' title='bbox 1243 1682 1454 1716; x_wconf 84' lang='lat' dir='ltr'><strong>statuamus</strong></span> <span class='ocrx_word' id='word_1_240' title='bbox 1482 1675 1601 1727; x_wconf 89' lang='lat' dir='ltr'><strong>paulo</strong></span> <span class='ocrx_word' id='word_1_241' title='bbox 1630 1675 1749 1714; x_wconf 84' lang='lat' dir='ltr'><strong>fuisse</strong></span> <span class='ocrx_word' id='word_1_242' title='bbox 1777 1676 1984 1722; x_wconf 87' lang='lat' dir='ltr'><strong>minorem;</strong></span> <span class='ocrx_word' id='word_1_243' title='bbox 2023 1678 2136 1716; x_wconf 87' lang='lat' dir='ltr'><strong>cuius</strong></span> <span class='ocrx_word' id='word_1_244' title='bbox 2165 1674 2241 1716; x_wconf 78' lang='lat' dir='ltr'><strong>‹lit-</strong></span> 
     </span>
     <span class='ocr_line' id='line_1_24' title="bbox 284 1731 2237 1797; baseline 0.001 -15"><span class='ocrx_word' id='word_1_245' title='bbox 284 1744 471 1783; x_wconf 65' lang='lat' dir='ltr'><strong>terentiae</strong></span> <span class='ocrx_word' id='word_1_246' title='bbox 494 1751 606 1784; x_wconf 91' lang='lat' dir='ltr'><strong>antea</strong></span> <span class='ocrx_word' id='word_1_247' title='bbox 626 1747 859 1784; x_wconf 90' lang='lat' dir='ltr'><strong>mentionem</strong></span> <span class='ocrx_word' id='word_1_248' title='bbox 885 1751 1091 1797; x_wconf 88' lang='lat' dir='ltr'><strong>propterea</strong></span> <span class='ocrx_word' id='word_1_249' title='bbox 1109 1757 1190 1784; x_wconf 90' lang='lat' dir='ltr'><strong>non</strong></span> <span class='ocrx_word' id='word_1_250' title='bbox 1208 1744 1295 1792; x_wconf 86' lang='lat' dir='ltr'><strong>feci,</strong></span> <span class='ocrx_word' id='word_1_251' title='bbox 1322 1731 1413 1796; x_wconf 73' lang='lat' dir='ltr'><strong>quin</strong></span> <span class='ocrx_word' id='word_1_252' title='bbox 1433 1749 1510 1783; x_wconf 89' lang='lat' dir='ltr'><strong>tam</strong></span> <span class='ocrx_word' id='word_1_253' title='bbox 1528 1756 1649 1796; x_wconf 88' lang='lat' dir='ltr'><strong>parva</strong></span> <span class='ocrx_word' id='word_1_254' title='bbox 1668 1750 1738 1791; x_wconf 85' lang='lat' dir='ltr'><strong>est,</strong></span> <span class='ocrx_word' id='word_1_255' title='bbox 1767 1750 1810 1783; x_wconf 92' lang='lat' dir='ltr'><strong>ut</strong></span> <span class='ocrx_word' id='word_1_256' title='bbox 1824 1746 1898 1784; x_wconf 85' lang='lat' dir='ltr'><strong>nisi</strong></span> <span class='ocrx_word' id='word_1_257' title='bbox 1919 1746 1959 1784; x_wconf 90' lang='lat' dir='ltr'><strong>in</strong></span> <span class='ocrx_word' id='word_1_258' title='bbox 1978 1751 2087 1784; x_wconf 86' lang='lat' dir='ltr'><strong>tanta</strong></span> <span class='ocrx_word' id='word_1_259' title='bbox 2106 1746 2237 1796; x_wconf 87' lang='lat' dir='ltr'><strong>operis</strong></span> 
     </span>
     <span class='ocr_line' id='line_1_25' title="bbox 286 1810 2240 1865; baseline 0.001 -15"><span class='ocrx_word' id='word_1_260' title='bbox 286 1810 537 1863; x_wconf 89' lang='lat' dir='ltr'><strong>amplitudine</strong></span> <span class='ocrx_word' id='word_1_261' title='bbox 573 1812 667 1851; x_wconf 88' lang='lat' dir='ltr'><strong>nihil</strong></span> <span class='ocrx_word' id='word_1_262' title='bbox 702 1813 817 1853; x_wconf 85' lang='lat' dir='ltr'><strong>faciat</strong></span> <span class='ocrx_word' id='word_1_263' title='bbox 846 1812 895 1852; x_wconf 92' lang='lat' dir='ltr'><strong>ad</strong></span> <span class='ocrx_word' id='word_1_264' title='bbox 922 1826 1015 1852; x_wconf 92' lang='lat' dir='ltr'><strong>rem.</strong></span> <span class='ocrx_word' id='word_1_265' title='bbox 1071 1814 1161 1853; x_wconf 90' lang='lat' dir='ltr'><strong>Fuit</strong></span> <span class='ocrx_word' id='word_1_266' title='bbox 1188 1814 1312 1865; x_wconf 79' lang='lat' dir='ltr'><strong>igitur,</strong></span> <span class='ocrx_word' id='word_1_267' title='bbox 1348 1814 1421 1854; x_wconf 79' lang='lat' dir='ltr'><strong>nisi</strong></span> <span class='ocrx_word' id='word_1_268' title='bbox 1449 1812 1551 1853; x_wconf 84' lang='lat' dir='ltr'><strong>forte</strong></span> <span class='ocrx_word' id='word_1_269' title='bbox 1579 1814 1690 1851; x_wconf 90' lang='lat' dir='ltr'><strong>tertia</strong></span> <span class='ocrx_word' id='word_1_270' title='bbox 1719 1812 1801 1851; x_wconf 78' lang='lat' dir='ltr'><strong>fere</strong></span> <span class='ocrx_word' id='word_1_271' title='bbox 1830 1814 1945 1852; x_wconf 89' lang='lat' dir='ltr'><strong>unius</strong></span> <span class='ocrx_word' id='word_1_272' title='bbox 1975 1813 2084 1852; x_wconf 80' lang='lat' dir='ltr'><strong>metr.</strong></span> <span class='ocrx_word' id='word_1_273' title='bbox 2114 1812 2240 1865; x_wconf 80' lang='lat' dir='ltr'><strong>gallici</strong></span> 
     </span>
     <span class='ocr_line' id='line_1_26' title="bbox 283 1880 2239 1935; baseline 0.001 -16"><span class='ocrx_word' id='word_1_274' title='bbox 283 1887 395 1932; x_wconf 90' lang='lat' dir='ltr'><strong>parte</strong></span> <span class='ocrx_word' id='word_1_275' title='bbox 422 1882 463 1920; x_wconf 89' lang='lat' dir='ltr'><strong>in</strong></span> <span class='ocrx_word' id='word_1_276' title='bbox 490 1880 712 1920; x_wconf 89' lang='lat' dir='ltr'><strong>definienda</strong></span> <span class='ocrx_word' id='word_1_277' title='bbox 740 1883 858 1921; x_wconf 86' lang='lat' dir='ltr'><strong>totius</strong></span> <span class='ocrx_word' id='word_1_278' title='bbox 887 1880 1100 1935; x_wconf 77' lang='lat' dir='ltr'><strong>pyramidis</strong></span> <span class='ocrx_word' id='word_1_279' title='bbox 1129 1880 1332 1922; x_wconf 86' lang='lat' dir='ltr'><strong>latitudine</strong></span> <span class='ocrx_word' id='word_1_280' title='bbox 1360 1887 1586 1920; x_wconf 89' lang='lat' dir='ltr'><strong>erraverunt</strong></span> <span class='ocrx_word' id='word_1_281' title='bbox 1605 1880 1859 1933; x_wconf 80' lang='lat' dir='ltr'><strong>Franoegalli,</strong></span> <span class='ocrx_word' id='word_1_282' title='bbox 1890 1880 2058 1929; x_wconf 89' lang='lat' dir='ltr'><strong>cubitus,</strong></span> <span class='ocrx_word' id='word_1_283' title='bbox 2088 1894 2170 1933; x_wconf 90' lang='lat' dir='ltr'><strong>quo</strong></span> <span class='ocrx_word' id='word_1_284' title='bbox 2198 1883 2239 1921; x_wconf 89' lang='lat' dir='ltr'><strong>in</strong></span> 
     </span>
     <span class='ocr_line' id='line_1_27' title="bbox 282 1948 2240 2002; baseline 0.001 -16"><span class='ocrx_word' id='word_1_285' title='bbox 282 1948 350 1987; x_wconf 80' lang='lat' dir='ltr'><strong>illa</strong></span> <span class='ocrx_word' id='word_1_286' title='bbox 378 1949 608 1987; x_wconf 90' lang='lat' dir='ltr'><strong>exstruenda</strong></span> <span class='ocrx_word' id='word_1_287' title='bbox 637 1951 698 1988; x_wconf 92' lang='lat' dir='ltr'><strong>usi</strong></span> <span class='ocrx_word' id='word_1_288' title='bbox 725 1956 814 1989; x_wconf 88' lang='lat' dir='ltr'><strong>sunt</strong></span> <span class='ocrx_word' id='word_1_289' title='bbox 842 1950 1035 2001; x_wconf 74' lang='lat' dir='ltr'><strong>Aegyptii,</strong></span> <span class='ocrx_word' id='word_1_290' title='bbox 1063 1967 1107 1983; x_wconf 91' lang='lat'><em>=</em></span> <span class='ocrx_word' id='word_1_291' title='bbox 1126 1948 1272 1996; x_wconf 79' lang='lat'><strong>0,4618</strong></span> <span class='ocrx_word' id='word_1_292' title='bbox 1301 1950 1410 1988; x_wconf 76' lang='lat' dir='ltr'><strong>metr.</strong></span> <span class='ocrx_word' id='word_1_293' title='bbox 1429 1949 1516 2001; x_wconf 80' lang='lat' dir='ltr'><strong>gall.</strong></span> <span class='ocrx_word' id='word_1_294' title='bbox 1544 1967 1588 1984; x_wconf 89' lang='lat'>=</span> <span class='ocrx_word' id='word_1_295' title='bbox 1620 1948 1765 1996; x_wconf 77' lang='lat'><strong>1,4714</strong></span> <span class='ocrx_word' id='word_1_296' title='bbox 1794 1948 1883 2000; x_wconf 87' lang='lat' dir='ltr'><strong>ped.</strong></span> <span class='ocrx_word' id='word_1_297' title='bbox 1902 1949 2127 2002; x_wconf 59' lang='lat' dir='ltr'><strong>Rhen.(1÷</strong></span> <span class='ocrx_word' id='word_1_298' title='bbox 2148 1949 2240 2001; x_wconf 84' lang='lat' dir='ltr'><strong>ped.</strong></span> 
     </span>
     <span class='ocr_line' id='line_1_28' title="bbox 285 2016 2238 2070; baseline 0.001 -14"><span class='ocrx_word' id='word_1_299' title='bbox 285 2016 447 2069; x_wconf 85' lang='lat' dir='ltr'><strong>Olymp.</strong></span> <span class='ocrx_word' id='word_1_300' title='bbox 481 2035 525 2051; x_wconf 94' lang='lat'><em>=</em></span> <span class='ocrx_word' id='word_1_301' title='bbox 553 2016 699 2064; x_wconf 84' lang='lat'>0‚4624</span> <span class='ocrx_word' id='word_1_302' title='bbox 727 2019 836 2056; x_wconf 81' lang='lat' dir='ltr'><strong>metr.</strong></span> <span class='ocrx_word' id='word_1_303' title='bbox 866 2017 951 2070; x_wconf 80' lang='lat' dir='ltr'><strong>gall.</strong></span> <span class='ocrx_word' id='word_1_304' title='bbox 980 2036 1024 2052; x_wconf 92' lang='lat'>=</span> <span class='ocrx_word' id='word_1_305' title='bbox 1056 2017 1200 2065; x_wconf 84' lang='lat'><strong>1,4734</strong></span> <span class='ocrx_word' id='word_1_306' title='bbox 1229 2016 1318 2069; x_wconf 89' lang='lat' dir='ltr'><strong>ped.</strong></span> <span class='ocrx_word' id='word_1_307' title='bbox 1346 2017 1500 2066; x_wconf 64' lang='lat' dir='ltr'><strong>Rhea).</strong></span> <span class='ocrx_word' id='word_1_308' title='bbox 1558 2016 1716 2068; x_wconf 88' lang='lat' dir='ltr'><strong>Quibus</strong></span> <span class='ocrx_word' id='word_1_309' title='bbox 1751 2019 1923 2056; x_wconf 82' lang='lat' dir='ltr'><strong>muneris</strong></span> <span class='ocrx_word' id='word_1_310' title='bbox 1957 2017 2110 2056; x_wconf 85' lang='lat' dir='ltr'><strong>calculo</strong></span> <span class='ocrx_word' id='word_1_311' title='bbox 2146 2031 2238 2069; x_wconf 89' lang='lat' dir='ltr'><strong>sup-</strong></span> 
     </span>
     <span class='ocr_line' id='line_1_29' title="bbox 283 2084 1705 2138; baseline 0.001 -15"><span class='ocrx_word' id='word_1_312' title='bbox 283 2087 430 2135; x_wconf 87' lang='lat' dir='ltr'><strong>positis,</strong></span> <span class='ocrx_word' id='word_1_313' title='bbox 459 2084 655 2136; x_wconf 88' lang='lat' dir='ltr'><strong>prodeunt</strong></span> <span class='ocrx_word' id='word_1_314' title='bbox 682 2085 920 2138; x_wconf 85' lang='lat' dir='ltr'><strong>singularum</strong></span> <span class='ocrx_word' id='word_1_315' title='bbox 948 2084 1161 2137; x_wconf 81' lang='lat' dir='ltr'><strong>pyramidis</strong></span> <span class='ocrx_word' id='word_1_316' title='bbox 1190 2087 1356 2137; x_wconf 89' lang='lat' dir='ltr'><strong>partium</strong></span> <span class='ocrx_word' id='word_1_317' title='bbox 1383 2085 1456 2124; x_wconf 85' lang='lat' dir='ltr'><strong>hae</strong></span> <span class='ocrx_word' id='word_1_318' title='bbox 1483 2098 1705 2124; x_wconf 79' lang='lat' dir='ltr'><strong>mensurae:</strong></span> 
     </span>
    </p>
   </div>
   <div class='ocr_carea' id='block_1_4' title="bbox 281 2177 2234 2237">
    <p class='ocr_par' dir='ltr' id='par_1_5' title="bbox 281 2177 2234 2237">
     <span class='ocr_line' id='line_1_30' title="bbox 281 2177 2234 2237; baseline 0.002 -14"><span class='ocrx_word' id='word_1_319' title='bbox 281 2177 382 2224; x_wconf 90' lang='lat' dir='ltr'><strong>latus</strong></span> <span class='ocrx_word' id='word_1_320' title='bbox 416 2184 654 2224; x_wconf 85' lang='lat' dir='ltr'><strong>fundamenti</strong></span> <span class='ocrx_word' id='word_1_321' title='bbox 681 2185 987 2237; x_wconf 86' lang='lat' dir='ltr'><strong>comprehendit:</strong></span> <span class='ocrx_word' id='word_1_322' title='bbox 1020 2183 1097 2225; x_wconf 84' lang='lat'><strong>504</strong></span> <span class='ocrx_word' id='word_1_323' title='bbox 1221 2183 1309 2223; x_wconf 89' lang='lat' dir='ltr'><strong>cub.</strong></span> <span class='ocrx_word' id='word_1_324' title='bbox 1325 2198 1360 2223; x_wconf 78' lang='lat' dir='ltr'><strong>V.</strong></span> <span class='ocrx_word' id='word_1_325' title='bbox 1388 2201 1431 2218; x_wconf 90' lang='lat'>=</span> <span class='ocrx_word' id='word_1_326' title='bbox 1460 2183 1758 2230; x_wconf 80' lang='lat' dir='ltr'><strong>741‚59‘Rhen·</strong></span> <span class='ocrx_word' id='word_1_327' title='bbox 1787 2202 1830 2218; x_wconf 94' lang='lat'>=</span> <span class='ocrx_word' id='word_1_328' title='bbox 1860 2185 2004 2231; x_wconf 83' lang='lat'>232‚75</span> <span class='ocrx_word' id='word_1_329' title='bbox 2026 2185 2132 2223; x_wconf 60' lang='lat' dir='ltr'><strong>mdtr·</strong></span> <span class='ocrx_word' id='word_1_330' title='bbox 2149 2183 2234 2236; x_wconf 78' lang='lat' dir='ltr'><strong>gall-</strong></span> 
     </span>
    </p>
   </div>
   <div class='ocr_carea' id='block_1_5' title="bbox 280 2251 2085 2579">
    <p class='ocr_par' dir='ltr' id='par_1_6' title="bbox 280 2251 2085 2579">
     <span class='ocr_line' id='line_1_31' title="bbox 283 2251 2084 2298; baseline 0 -7"><span class='ocrx_word' id='word_1_331' title='bbox 283 2251 447 2291; x_wconf 88' lang='lat' dir='ltr'><strong>altitudo</strong></span> <span class='ocrx_word' id='word_1_332' title='bbox 467 2251 635 2292; x_wconf 88' lang='lat' dir='ltr'><strong>fundam.</strong></span> <span class='ocrx_word' id='word_1_333' title='bbox 649 2284 980 2293; x_wconf 88' lang='grc'><strong>..............................</strong></span> <span class='ocrx_word' id='word_1_334' title='bbox 1070 2252 1093 2292; x_wconf 90' lang='grc'>4</span> <span class='ocrx_word' id='word_1_335' title='bbox 1253 2277 1270 2283; x_wconf 86' lang='grc'>-</span> <span class='ocrx_word' id='word_1_336' title='bbox 1326 2276 1342 2282; x_wconf 85' lang='grc'>-</span> <span class='ocrx_word' id='word_1_337' title='bbox 1385 2270 1428 2286; x_wconf 97' lang='lat'>=</span> <span class='ocrx_word' id='word_1_338' title='bbox 1513 2252 1603 2298; x_wconf 82' lang='lat'><strong>5,89</strong></span> <span class='ocrx_word' id='word_1_339' title='bbox 1679 2276 1694 2281; x_wconf 94' lang='lat'><em>-</em></span> <span class='ocrx_word' id='word_1_340' title='bbox 1781 2268 1826 2285; x_wconf 90' lang='lat'>=</span> <span class='ocrx_word' id='word_1_341' title='bbox 1912 2252 1999 2298; x_wconf 77' lang='lat'><strong>1,85</strong></span> <span class='ocrx_word' id='word_1_342' title='bbox 2068 2276 2084 2282; x_wconf 95' lang='lat'>-</span> 
     </span>
     <span class='ocr_line' id='line_1_32' title="bbox 281 2320 2085 2367; baseline -0.001 -7"><span class='ocrx_word' id='word_1_343' title='bbox 281 2321 381 2360; x_wconf 88' lang='lat' dir='ltr'><strong>latus</strong></span> <span class='ocrx_word' id='word_1_344' title='bbox 402 2320 508 2359; x_wconf 91' lang='lat' dir='ltr'><strong>basis</strong></span> <span class='ocrx_word' id='word_1_345' title='bbox 524 2353 977 2360; x_wconf 71' lang='grc'>.........................................</span> <span class='ocrx_word' id='word_1_346' title='bbox 1013 2324 1092 2360; x_wconf 89' lang='grc'><strong>500</strong></span> <span class='ocrx_word' id='word_1_347' title='bbox 1252 2345 1268 2351; x_wconf 92' lang='grc'>-</span> <span class='ocrx_word' id='word_1_348' title='bbox 1324 2344 1341 2350; x_wconf 92' lang='grc'>-</span> <span class='ocrx_word' id='word_1_349' title='bbox 1383 2338 1426 2354; x_wconf 95' lang='lat'><strong><em>=</em></strong></span> <span class='ocrx_word' id='word_1_350' title='bbox 1455 2320 1601 2367; x_wconf 84' lang='lat'><strong>735‚70</strong></span> <span class='ocrx_word' id='word_1_351' title='bbox 1677 2344 1692 2349; x_wconf 93' lang='lat'><em>-</em></span> <span class='ocrx_word' id='word_1_352' title='bbox 1780 2336 1823 2352; x_wconf 93' lang='lat'><strong><em>=</em></strong></span> <span class='ocrx_word' id='word_1_353' title='bbox 1853 2320 2000 2367; x_wconf 84' lang='lat' dir='ltr'><strong>230‚9o</strong></span> <span class='ocrx_word' id='word_1_354' title='bbox 2068 2345 2085 2350; x_wconf 99' lang='lat'>-</span> 
     </span>
     <span class='ocr_line' id='line_1_33' title="bbox 284 2386 2085 2443; baseline -0.001 -14"><span class='ocrx_word' id='word_1_355' title='bbox 284 2389 447 2429; x_wconf 88' lang='lat' dir='ltr'><strong>altitudo</strong></span> <span class='ocrx_word' id='word_1_356' title='bbox 459 2389 637 2443; x_wconf 84' lang='lat' dir='ltr'><strong>trianguli</strong></span> <span class='ocrx_word' id='word_1_357' title='bbox 651 2389 728 2429; x_wconf 91' lang='lat' dir='ltr'><strong>obl.</strong></span> <span class='ocrx_word' id='word_1_358' title='bbox 741 2389 981 2441; x_wconf 74' lang='lat' dir='ltr'><strong>(apotheme)</strong></span> <span class='ocrx_word' id='word_1_359' title='bbox 1011 2387 1091 2428; x_wconf 80' lang='lat'><strong>400</strong></span> <span class='ocrx_word' id='word_1_360' title='bbox 1250 2412 1266 2418; x_wconf 87' lang='lat'>-</span> <span class='ocrx_word' id='word_1_361' title='bbox 1322 2412 1339 2417; x_wconf 93' lang='lat'>-</span> <span class='ocrx_word' id='word_1_362' title='bbox 1382 2405 1424 2422; x_wconf 95' lang='lat'>=</span> <span class='ocrx_word' id='word_1_363' title='bbox 1455 2388 1601 2435; x_wconf 81' lang='lat'><strong>588,56</strong></span> <span class='ocrx_word' id='word_1_364' title='bbox 1676 2412 1691 2417; x_wconf 95' lang='lat'>-</span> <span class='ocrx_word' id='word_1_365' title='bbox 1779 2405 1823 2422; x_wconf 92' lang='lat'><strong>=</strong></span> <span class='ocrx_word' id='word_1_366' title='bbox 1856 2386 2000 2435; x_wconf 83' lang='lat'>184‚72</span> <span class='ocrx_word' id='word_1_367' title='bbox 2069 2413 2085 2419; x_wconf 90' lang='lat'>-</span> 
     </span>
     <span class='ocr_line' id='line_1_34' title="bbox 282 2455 2085 2510; baseline -0.001 -13"><span class='ocrx_word' id='word_1_368' title='bbox 282 2458 446 2497; x_wconf 85' lang='lat' dir='ltr'><strong>altitudo</strong></span> <span class='ocrx_word' id='word_1_369' title='bbox 467 2459 648 2497; x_wconf 89' lang='lat' dir='ltr'><strong>normalis</strong></span> <span class='ocrx_word' id='word_1_370' title='bbox 669 2458 879 2510; x_wconf 77' lang='lat' dir='ltr'><strong>pyramidis</strong></span> <span class='ocrx_word' id='word_1_371' title='bbox 898 2490 980 2496; x_wconf 89' lang='grc'><em>........</em></span> <span class='ocrx_word' id='word_1_372' title='bbox 1012 2456 1214 2505; x_wconf 81' lang='lat'><strong>312,2499</strong></span> <span class='ocrx_word' id='word_1_373' title='bbox 1251 2481 1268 2486; x_wconf 94' lang='lat'>-</span> <span class='ocrx_word' id='word_1_374' title='bbox 1321 2480 1341 2486; x_wconf 91' lang='lat'>-</span> <span class='ocrx_word' id='word_1_375' title='bbox 1383 2474 1425 2490; x_wconf 93' lang='lat'>=</span> <span class='ocrx_word' id='word_1_376' title='bbox 1455 2455 1602 2502; x_wconf 81' lang='lat'><strong>459,44</strong></span> <span class='ocrx_word' id='word_1_377' title='bbox 1677 2480 1699 2502; x_wconf 37' lang='grc'><strong>-,</strong></span> <span class='ocrx_word' id='word_1_378' title='bbox 1780 2474 1823 2490; x_wconf 89' lang='lat'>=</span> <span class='ocrx_word' id='word_1_379' title='bbox 1856 2455 2001 2503; x_wconf 75' lang='lat'><strong>144‚19</strong></span> <span class='ocrx_word' id='word_1_380' title='bbox 2070 2481 2085 2486; x_wconf 94' lang='lat'>-</span> 
     </span>
     <span class='ocr_line' id='line_1_35' title="bbox 280 2522 2085 2579; baseline -0.001 -15"><span class='ocrx_word' id='word_1_381' title='bbox 280 2525 382 2565; x_wconf 92' lang='lat' dir='ltr'><strong>latus</strong></span> <span class='ocrx_word' id='word_1_382' title='bbox 401 2527 581 2579; x_wconf 85' lang='lat' dir='ltr'><strong>trianguli</strong></span> <span class='ocrx_word' id='word_1_383' title='bbox 601 2529 742 2576; x_wconf 78' lang='lat' dir='ltr'><strong>(arete)</strong></span> <span class='ocrx_word' id='word_1_384' title='bbox 759 2559 978 2566; x_wconf 79' lang='grc'>....................</span> <span class='ocrx_word' id='word_1_385' title='bbox 1010 2526 1183 2574; x_wconf 85' lang='grc'>471,699</span> <span class='ocrx_word' id='word_1_386' title='bbox 1249 2550 1266 2555; x_wconf 96' lang='grc'>-</span> <span class='ocrx_word' id='word_1_387' title='bbox 1322 2549 1338 2554; x_wconf 86' lang='grc'><strong>-</strong></span> <span class='ocrx_word' id='word_1_388' title='bbox 1380 2542 1424 2559; x_wconf 94' lang='lat'>=</span> <span class='ocrx_word' id='word_1_389' title='bbox 1454 2522 1598 2571; x_wconf 83' lang='grc' dir='ltr'>694,Οὸ</span> <span class='ocrx_word' id='word_1_390' title='bbox 1674 2548 1690 2554; x_wconf 95' lang='grc'><strong>-</strong></span> <span class='ocrx_word' id='word_1_391' title='bbox 1778 2542 1821 2559; x_wconf 94' lang='lat'>=</span> <span class='ocrx_word' id='word_1_392' title='bbox 1851 2524 1997 2570; x_wconf 81' lang='lat'>217‚83</span> <span class='ocrx_word' id='word_1_393' title='bbox 2068 2550 2085 2554; x_wconf 95' lang='lat'>-</span> 
     </span>
    </p>
   </div>
   <div class='ocr_carea' id='block_1_6' title="bbox 281 2619 2234 2887">
    <p class='ocr_par' dir='ltr' id='par_1_7' title="bbox 281 2619 2234 2887">
     <span class='ocr_line' id='line_1_36' title="bbox 470 2619 2234 2682; baseline 0 -14"><span class='ocrx_word' id='word_1_394' title='bbox 470 2629 630 2669; x_wconf 85' lang='lat' dir='ltr'><strong>Numeri</strong></span> <span class='ocrx_word' id='word_1_395' title='bbox 646 2632 741 2677; x_wconf 88' lang='lat' dir='ltr'><strong>eius,</strong></span> <span class='ocrx_word' id='word_1_396' title='bbox 760 2631 828 2681; x_wconf 82' lang='lat' dir='ltr'><strong>qui</strong></span> <span class='ocrx_word' id='word_1_397' title='bbox 838 2630 1078 2670; x_wconf 88' lang='lat' dir='ltr'><strong>altitudinem</strong></span> <span class='ocrx_word' id='word_1_398' title='bbox 1092 2628 1305 2681; x_wconf 86' lang='lat' dir='ltr'><strong>pyramidis</strong></span> <span class='ocrx_word' id='word_1_399' title='bbox 1313 2642 1443 2667; x_wconf 86' lang='lat' dir='ltr'><strong>veram</strong></span> <span class='ocrx_word' id='word_1_400' title='bbox 1460 2630 1631 2679; x_wconf 87' lang='lat' dir='ltr'><strong>exprimit</strong></span> <span class='ocrx_word' id='word_1_401' title='bbox 1642 2619 1863 2674; x_wconf 67' lang='lat'>(3122499</span> <span class='ocrx_word' id='word_1_402' title='bbox 1877 2644 1921 2663; x_wconf 91' lang='lat'>=</span> <span class='ocrx_word' id='word_1_403' title='bbox 1940 2624 2234 2682; x_wconf 72' lang='lat' dir='ltr'>v4002-2502)</span> 
     </span>
     <span class='ocr_line' id='line_1_37' title="bbox 282 2695 2232 2750; baseline -0.001 -13"><span class='ocrx_word' id='word_1_404' title='bbox 282 2703 447 2737; x_wconf 84' lang='lat' dir='ltr'><strong>extrema</strong></span> <span class='ocrx_word' id='word_1_405' title='bbox 480 2698 587 2750; x_wconf 83' lang='lat' dir='ltr'><strong>signa</strong></span> <span class='ocrx_word' id='word_1_406' title='bbox 622 2710 702 2738; x_wconf 88' lang='lat' dir='ltr'><strong>non</strong></span> <span class='ocrx_word' id='word_1_407' title='bbox 737 2697 904 2749; x_wconf 82' lang='lat' dir='ltr'><strong>neglexi,</strong></span> <span class='ocrx_word' id='word_1_408' title='bbox 947 2704 990 2736; x_wconf 91' lang='lat' dir='ltr'><strong>ut</strong></span> <span class='ocrx_word' id='word_1_409' title='bbox 1035 2699 1245 2749; x_wconf 86' lang='lat' dir='ltr'><strong>perspicias</strong></span> <span class='ocrx_word' id='word_1_410' title='bbox 1281 2710 1370 2736; x_wconf 89' lang='lat' dir='ltr'><strong>eum</strong></span> <span class='ocrx_word' id='word_1_411' title='bbox 1405 2696 1470 2736; x_wconf 88' lang='lat' dir='ltr'><strong>vel</strong></span> <span class='ocrx_word' id='word_1_412' title='bbox 1506 2697 1677 2749; x_wconf 82' lang='lat' dir='ltr'><strong>proxime</strong></span> <span class='ocrx_word' id='word_1_413' title='bbox 1713 2695 1903 2736; x_wconf 90' lang='lat' dir='ltr'><strong>accedere</strong></span> <span class='ocrx_word' id='word_1_414' title='bbox 1940 2695 1991 2736; x_wconf 88' lang='lat' dir='ltr'><strong>ad</strong></span> <span class='ocrx_word' id='word_1_415' title='bbox 2030 2710 2232 2737; x_wconf 90' lang='lat' dir='ltr'><strong>numerum</strong></span> 
     </span>
     <span class='ocr_line' id='line_1_38' title="bbox 283 2755 2233 2818; baseline 0 -13"><span class='ocrx_word' id='word_1_416' title='bbox 283 2772 455 2805; x_wconf 84' lang='lat' dir='ltr'><strong>exactum</strong></span> <span class='ocrx_word' id='word_1_417' title='bbox 483 2766 644 2813; x_wconf 78' lang='lat'><strong>312,25.</strong></span> <span class='ocrx_word' id='word_1_418' title='bbox 684 2765 782 2816; x_wconf 82' lang='lat' dir='ltr'><strong>Qua</strong></span> <span class='ocrx_word' id='word_1_419' title='bbox 810 2764 860 2803; x_wconf 89' lang='lat' dir='ltr'><strong>de</strong></span> <span class='ocrx_word' id='word_1_420' title='bbox 887 2778 930 2804; x_wconf 92' lang='lat' dir='ltr'><strong>re</strong></span> <span class='ocrx_word' id='word_1_421' title='bbox 961 2777 1061 2816; x_wconf 89' lang='lat' dir='ltr'><strong>quae</strong></span> <span class='ocrx_word' id='word_1_422' title='bbox 1080 2764 1280 2804; x_wconf 89' lang='lat' dir='ltr'><strong>Iomardus</strong></span> <span class='ocrx_word' id='word_1_423' title='bbox 1300 2766 1477 2816; x_wconf 85' lang='lat' dir='ltr'><strong>exposuit</strong></span> <span class='ocrx_word' id='word_1_424' title='bbox 1505 2765 1661 2814; x_wconf 89' lang='lat' dir='ltr'><strong>(Descr.</strong></span> <span class='ocrx_word' id='word_1_425' title='bbox 1681 2763 1732 2803; x_wconf 89' lang='lat' dir='ltr'><strong>de</strong></span> <span class='ocrx_word' id='word_1_426' title='bbox 1750 2755 1846 2818; x_wconf 60' lang='lat' dir='ltr'><strong>frig.</strong></span> <span class='ocrx_word' id='word_1_427' title='bbox 1866 2771 1957 2804; x_wconf 83' lang='lat' dir='ltr'><strong>tom.</strong></span> <span class='ocrx_word' id='word_1_428' title='bbox 1969 2765 2054 2812; x_wconf 85' lang='lat' dir='ltr'><strong>VII,</strong></span> <span class='ocrx_word' id='word_1_429' title='bbox 2074 2764 2233 2816; x_wconf 84' lang='lat' dir='ltr'><strong>p.429),</strong></span> 
     </span>
     <span class='ocr_line' id='line_1_39' title="bbox 281 2833 2230 2887; baseline -0.001 -13"><span class='ocrx_word' id='word_1_430' title='bbox 281 2849 331 2874; x_wconf 85' lang='lat' dir='ltr'><strong>nc</strong></span> <span class='ocrx_word' id='word_1_431' title='bbox 359 2834 498 2887; x_wconf 84' lang='lat' dir='ltr'><strong>longus</strong></span> <span class='ocrx_word' id='word_1_432' title='bbox 528 2847 663 2881; x_wconf 88' lang='lat' dir='ltr'><strong>essem,</strong></span> <span class='ocrx_word' id='word_1_433' title='bbox 687 2833 802 2873; x_wconf 43' lang='lat' dir='ltr'><strong>‘nolui</strong></span> <span class='ocrx_word' id='word_1_434' title='bbox 830 2840 1017 2885; x_wconf 86' lang='lat' dir='ltr'><strong>repetere.</strong></span> <span class='ocrx_word' id='word_1_435' title='bbox 1073 2834 1122 2872; x_wconf 85' lang='lat' dir='ltr'><strong>Et</strong></span> <span class='ocrx_word' id='word_1_436' title='bbox 1151 2846 1243 2872; x_wconf 86' lang='lat' dir='ltr'><strong>sane</strong></span> <span class='ocrx_word' id='word_1_437' title='bbox 1271 2833 1485 2885; x_wconf 86' lang='lat' dir='ltr'><strong>repetenda</strong></span> <span class='ocrx_word' id='word_1_438' title='bbox 1513 2841 1644 2874; x_wconf 88' lang='lat' dir='ltr'><strong>essent</strong></span> <span class='ocrx_word' id='word_1_439' title='bbox 1672 2834 1753 2873; x_wconf 84' lang='lat' dir='ltr'><strong>fere</strong></span> <span class='ocrx_word' id='word_1_440' title='bbox 1783 2836 1939 2886; x_wconf 78' lang='lat' dir='ltr'><strong>integra,</strong></span> <span class='ocrx_word' id='word_1_441' title='bbox 1970 2835 2014 2880; x_wconf 88' lang='lat' dir='ltr'><strong>si,</strong></span> <span class='ocrx_word' id='word_1_442' title='bbox 2043 2840 2230 2885; x_wconf 87' lang='lat' dir='ltr'><strong>quantum</strong></span> 
     </span>
    </p>
   </div>
   <div class='ocr_carea' id='block_1_7' title="bbox 280 2900 2231 3012">
    <p class='ocr_par' dir='ltr' id='par_1_8' title="bbox 280 2900 2231 3012">
     <span class='ocr_line' id='line_1_40' title="bbox 280 2900 2231 2950; baseline 0 -9"><span class='ocrx_word' id='word_1_443' title='bbox 280 2905 321 2943; x_wconf 89' lang='lat' dir='ltr'><strong>in</strong></span> <span class='ocrx_word' id='word_1_444' title='bbox 356 2905 401 2943; x_wconf 80' lang='lat' dir='ltr'><strong>iis</strong></span> <span class='ocrx_word' id='word_1_445' title='bbox 439 2905 538 2943; x_wconf 85' lang='lat' dir='ltr'><strong>inest</strong></span> <span class='ocrx_word' id='word_1_446' title='bbox 566 2904 658 2948; x_wconf 77' lang='lat' dir='ltr'><strong>veri,</strong></span> <span class='ocrx_word' id='word_1_447' title='bbox 688 2915 718 2943; x_wconf 88' lang='lat' dir='ltr'><strong>-a</strong></span> <span class='ocrx_word' id='word_1_448' title='bbox 746 2902 847 2945; x_wconf 83' lang='lat' dir='ltr'><strong>fictis</strong></span> <span class='ocrx_word' id='word_1_449' title='bbox 877 2909 914 2943; x_wconf 89' lang='lat' dir='ltr'><strong>et</strong></span> <span class='ocrx_word' id='word_1_450' title='bbox 943 2901 1048 2943; x_wconf 79' lang='lat' dir='ltr'><strong>salsis</strong></span> <span class='ocrx_word' id='word_1_451' title='bbox 1075 2901 1265 2946; x_wconf 84' lang='lat' dir='ltr'><strong>vellemus</strong></span> <span class='ocrx_word' id='word_1_452' title='bbox 1294 2902 1526 2945; x_wconf 85' lang='lat' dir='ltr'><strong>discernere.</strong></span> <span class='ocrx_word' id='word_1_453' title='bbox 1582 2903 1626 2944; x_wconf 93' lang='lat' dir='ltr'><strong>Id</strong></span> <span class='ocrx_word' id='word_1_454' title='bbox 1655 2916 1773 2946; x_wconf 87' lang='lat' dir='ltr'><strong>unum</strong></span> <span class='ocrx_word' id='word_1_455' title='bbox 1803 2900 2025 2950; x_wconf 83' lang='lat' dir='ltr'><strong>concedam,</strong></span> <span class='ocrx_word' id='word_1_456' title='bbox 2059 2901 2147 2941; x_wconf 84' lang='lat' dir='ltr'><strong>fieri</strong></span> <span class='ocrx_word' id='word_1_457' title='bbox 2175 2901 2231 2941; x_wconf 83' lang='lat' dir='ltr'><strong>sa-</strong></span> 
     </span>
     <span class='ocr_line' id='line_1_41' title="bbox 1811 2976 1880 3012; baseline 0.014 -1"><span class='ocrx_word' id='word_1_458' title='bbox 1811 2976 1845 3011; x_wconf 91' lang='lat' dir='ltr'>D</span> <span class='ocrx_word' id='word_1_459' title='bbox 1861 2983 1880 3012; x_wconf 84' lang='lat'>2</span> 
     </span>
    </p>
   </div>
  </div>
 </body>
</html>
