2572 3423
1247 117 1303 160 18

484 287 544 324 Ac
576 287 701 335 primo
731 281 888 333 quidem
918 281 968 321 de
1003 284 1150 320 maiore
1183 282 1322 320 cubito
1350 281 1547 321 disseram.
1602 282 1850 321 Describitur
1876 284 1904 331 1,
1930 284 2005 325 178
2031 282 2251 335 Babylonis

294 351 404 392 urbis
432 351 607 399 ambitus,
634 352 914 402 moeniumque
941 349 1164 403 magnitudo
1177 369 1181 374 ⁴
1194 350 1253 390 his
1278 350 1409 390 verbis
1438 350 1581 399 „nieme
1610 350 1708 399 (scil.
1730 350 1844 401 urbs)
1873 350 1907 392 ἒν
1929 349 2045 404 πεδίῳ
2073 350 2251 404 μεγάλῳ,

293 418 455 473 μέγαθος
481 418 595 461 ἰοῦσαι
622 416 789 473 μέτωπον
818 416 973 461 ἕκατον
999 416 1106 462 εἴκοσι
1134 415 1200 460 καὶ
1226 417 1352 460 &nav
1381 417 1541 460 σταδίων
1567 418 1690 465 ἐούσης
1715 416 1961 472 τετραγώνου·
1990 416 2084 460 οὗτοι
2112 415 2253 460 “ddici

291 488 352 534 τῆς
376 485 540 541 περιίδω
563 488 626 533 τῆς
652 486 779 532 πόλιος
805 486 959 541 γίνονται
986 484 1211 531 ωνιίπιντες
1239 484 1448 540 dymnum.
1480 485 1548 529 καὶ
1572 484 1824 541 τετρωκὸσιοίζ
1890 488 1940 527 Et
1968 500 2057 527 mox
2086 485 2251 542 „rippas

291 555 361 610 μὲν
375 553 506 610 πρῶτοί
524 574 587 608 μιν
605 555 729 603 βαθέα.
755 572 795 597 τε
822 554 887 597 καὶ
914 555 1019 610 εὐρέα.
1045 553 1110 597 ml
1137 554 1231 601 πλέη
1256 554 1394 600 ὕδατος
1419 555 1576 609 περιθέει,
1602 554 1702 607 μεταῖ
1723 554 1762 597 δὲ
1788 571 1841 596 τει
1878 572 1915 599 ος
1940 554 2158 602 πεντήκοντα.
2183 555 2253 607 μὲν

292 624 441 678 πηχέων
457 622 660 672 βασιληίων
680 623 732 666 ε’δν
757 622 798 666 τδ
824 622 932 676 εὖρος,
960 622 1059 678 ὕψος
1079 622 1120 666 ἃ
1141 623 1322 671 &mrim
1343 625 1524 676 araxim&
1571 625 1687 678 Quae
1706 624 1884 673 altitude,
1911 627 2087 677 quamvis
2115 627 2249 678 ingens

294 696 353 742 sit,
390 699 518 733 tamen
554 695 588 733 si
624 707 712 733 cum
745 692 988 746 longitudine
1015 693 1180 732 laterum
1215 692 1331 733 huius
1360 693 1538 746 quadrati
1567 695 1864 747 comparaveris,
1899 706 2053 734 omnem
2087 693 2248 735 modum

293 761 482 801 excedere
509 775 591 801 non
613 761 819 800 videbitur.
875 762 977 801 Sunt
1005 763 1107 801 enim
1138 763 1217 800 120
1233 761 1357 801 stadia
1384 765 1443 811 (et
1469 775 1690 814 perversam
1721 761 1878 814 quidem
1905 762 2010 801 illam
2039 761 2089 802 de
2120 762 2249 803 diver-

290 833 343 869 sis
372 829 506 869 stadiis
536 832 762 882 opinionem
795 829 912 882 plane
939 829 1188 869 reiiciendam
1222 843 1319 877 esse,
1357 830 1434 869 alio
1463 831 1556 869 loco
1586 830 1812 881 docebitur)
1840 847 1884 865 ==
1916 829 2075 873 167727
2105 829 2249 870 cubitis

290 899 418 950 regiis,
445 905 489 937 ut
516 900 617 937 inter
643 900 744 937 muri
778 898 1059 950 longitudinem
1090 905 1128 936 et
1155 898 1395 936 altitudinem
1429 899 1644 941 intercedat
1671 901 1771 938 ratio
1801 900 1882 938 839
1901 911 1913 940 ε
1935 900 1969 937 1.
1991 920 2040 928 —
2077 897 2248 938 Cubitus

293 973 421 1007 autem
448 968 577 1019 regius
606 979 694 1006 cum
731 965 945 1006 secundum
971 965 1147 1006 Boeckh.
1169 967 1368 1006 contineat
1396 965 1595 1014 234,655”'
1614 967 1733 1007 Paris.
1763 985 1808 1002 =
1837 965 2012 1014 0,52934
2031 967 2140 1005 metr.
2160 966 2248 1018 gall.

290 1049 333 1067 =
362 1031 563 1091 242,669”
575 1033 713 1082 Βὴεη.,
748 1034 850 1072 muri
877 1032 981 1072 illius
1011 1032 1175 1072 altitudo
1204 1032 1277 1072 fuit
1305 1034 1458 1072 circiter
1487 1034 1566 1078 337
1586 1033 1732 1087 pedum
1751 1030 1875 1074 Rhen.
1904 1038 1945 1073 et
1977 1032 2143 1074 latitudo
2174 1034 2248 1073 cir-

290 1104 385 1141 citer
413 1101 466 1141 84
485 1100 575 1154 ped.
595 1102 720 1140 Rhen.
775 1102 820 1140 In
849 1100 995 1152 quibus
1025 1103 1214 1140 mensuris
1243 1102 1569 1153 acquiescendum
1598 1110 1711 1151 esset,
1739 1105 1813 1142 nisi
1840 1101 2048 1142 Strabonis
2076 1104 2247 1142 auctori-

289 1176 349 1208 tas
377 1168 572 1218 obstaret,
601 1171 671 1221 qui
698 1168 802 1219 (libr.
814 1170 922 1217 xvl,
941 1183 980 1222 p.
997 1170 1076 1209 335
1097 1169 1292 1220 Tauchn.)
1320 1169 1429 1209 urbis
1458 1172 1661 1212 circuitum
1689 1171 1769 1210 385
1790 1169 2005 1210 stadiorum
2032 1170 2135 1218 facit,
2162 1183 2247 1210 mu·

290 1251 378 1277 rum
404 1250 502 1277 vero
534 1238 585 1277 50
606 1237 761 1277 cubitos
791 1237 920 1286 altum,
950 1244 989 1277 et
1015 1239 1069 1277 32
1095 1237 1219 1290 pedes
1247 1237 1377 1276 latum.
1434 1238 1577 1290 Neque
1606 1238 1670 1278 alii
1697 1245 1883 1287 veterum,
1911 1238 2038 1278 Plinio
2068 1244 2246 1290 excepto,

293 1319 381 1346 cum
408 1313 547 1346 nostro
573 1308 823 1344 consentiunt
852 1306 918 1355 (cf.
930 1305 1105 1345 Bredow
1123 1306 1474 1358 Untersuchungen
1492 1306 1592 1346 iiber
1611 1309 1706 1346 einz.
1728 1307 1910 1360 Gegenst.
1931 1306 1967 1346 d.
1986 1307 2089 1346 alten
2105 1306 2247 1346 Gesch.

290 1381 362 1413 etc.
381 1374 426 1422 Η,
446 1387 483 1425 p.
506 1372 622 1425 541),
664 1375 733 1425 qui
760 1385 897 1412 omnes
932 1376 1076 1413 nostris
1110 1376 1282 1413 numeris
1315 1376 1485 1413 minores
1514 1374 1677 1414 tradant.
1732 1374 1814 1415 Sed
1842 1388 1929 1415 cum
1965 1376 2028 1414 isti
2063 1388 2113 1415 ne
2148 1376 2249 1414 inter

287 1455 376 1482 sese
404 1441 563 1494 quidem
592 1443 842 1490 conveniant,
879 1441 930 1481 de
958 1440 1156 1481 Herodoti
1184 1455 1302 1481 causa
1337 1455 1419 1482 non
1457 1449 1516 1482 est
1543 1442 1839 1495 desperandum.
1895 1443 2106 1494 Equidem,
2145 1454 2246 1493 quae

287 1510 409 1550 multa
431 1518 471 1550 et
483 1511 591 1549 varia
611 1509 725 1549 huius
749 1509 830 1549 loci
849 1512 1082 1562 interpretes
1114 1509 1258 1561 aliique
1279 1512 1541 1551 recentiorum
1555 1510 1863 1562 disputaverunt,
1890 1524 2125 1562 quamquam
2146 1509 2244 1549 nolo

287 1585 478 1631 repetere,
496 1591 655 1630 nequeo
670 1584 798 1618 tamen
813 1579 908 1631 quin
926 1577 1146 1631 periculum
1165 1577 1313 1626 facim,
1334 1592 1383 1618 an
1402 1578 1477 1618 alia
1497 1578 1546 1618 ab
1563 1564 1796 1632 eaquefqua
1809 1580 2014 1632 hucusque
2030 1592 2165 1618 omnes
2184 1580 2245 1617 usi

288 1653 390 1696 sunt,
419 1647 572 1687 diversa
600 1650 753 1686 ratione
781 1649 817 1686 ei
843 1648 970 1700 possit
997 1646 1208 1686 subveniri.
1263 1648 1340 1687 Rei
1365 1649 1478 1699 quasi
1503 1646 1624 1687 cardo
1649 1649 1690 1687 in
1717 1649 1764 1687 iis
1783 1649 1946 1688 vertitur
1970 1646 2113 1696 verbis,
2144 1659 2244 1699 quae

288 1719 329 1755 in
351 1718 487 1769 capitis
519 1719 590 1754 181
614 1716 747 1755 limine
775 1716 937 1768 legimus
964 1715 1091 1763 „votivo
1111 1713 1180 1767 μὲν
1208 1712 1252 1760 δὴ
1279 1714 1321 1756 τδ
1346 1719 1472 1767 τεῖχος
1500 1714 1611 1771 θώρηξ
1640 1715 1725 1763 ἐστί,
1758 1714 1872 1769 ἕτερον
1890 1715 1930 1758 δὲ
1959 1714 2083 1757 ἔσωθεν
2110 1718 2245 1767 τεῖχος,

289 1784 328 1826 οὐ
357 1784 492 1838 πολλῷ
520 1784 590 1838 τέῳ
607 1783 850 1838 dedalo-repon·
877 1784 941 1825 τοῦ
970 1784 1085 1837 ἐτέρου
1104 1783 1254 1835 τείχεος,
1282 1782 1489 1837 στεινότερον
1516 1783 1593 1825 81¹2
1639 1785 1755 1837 Quae
1785 1784 1989 1837 quomodo
2020 1799 2107 1824 cum
2136 1791 2244 1824 ante-

287 1852 517 1893 cedentibus
537 1854 781 1901 cohaereant,
808 1859 853 1892 ut
879 1853 1147 1905 intelligamus,
1175 1852 1351 1904 reliquae
1370 1852 1473 1892 illius
1494 1852 1767 1905 descriptionis
1796 1860 1926 1904 partes
1954 1851 2243 1905 percurrendae

287 1928 412 1960 erunt.
468 1921 632 1968 Auctor,
667 1923 935 1973 pronunciatis
963 1921 1039 1960 illis
1073 1934 1175 1973 qnae
1209 1934 1329 1973 supra
1356 1923 1542 1973 exscripsi
1568 1920 1712 1968 verbis,
1746 1923 1871 1973 pergit
1899 1921 1948 1960 ad
1976 1919 2245 1973 explicandam

279 1988 388 2028 ‘muri
414 1990 538 2041 ipsius
566 1990 732 2040 eiusque
760 1992 927 2041 partium
963 1995 1212 2036 structuram,
1250 2002 1366 2040 quam
1393 2002 1494 2036 rem,
1528 1990 1736 2028 interiectis
1764 1989 1961 2028 nonnullis
1990 1988 2040 2028 de
2069 1987 2168 2028 urhe
2195 1989 2244 2035 Is,

285 2057 391 2096 unde
421 2056 613 2105 bitumen,
653 2070 735 2109 quo
771 2059 812 2096 in
840 2057 1083 2097 exstruendis
1112 2058 1230 2096 mun's
1257 2056 1472 2110 Babylonii
1505 2062 1724 2105 uterentur,
1763 2056 1919 2096 allatum
1947 2057 2080 2105 fuerit,
2116 2057 2242 2109 capite

287 2129 365 2165 180
381 2126 514 2165 denuo
535 2128 677 2179 excipit
702 2126 761 2165 his
789 2125 922 2166 verbis
949 2125 1173 2177 „rev-elxam,
1202 2124 1269 2177 μίν
1297 2142 1356 2165 νυν
1383 2127 1405 2171 ἡ
1422 2122 1612 2171 Βαβυλὼν
1639 2122 1757 2179 τρίτῳ
1785 2124 1927 2179 recepti?
1955 2125 2043 2175 (ubi
2071 2124 2243 2164 animad-

282 2203 411 2235 vertas
438 2195 602 2235 verbum
630 2192 766 2237 τοιόσὰ
792 2197 930 2242 ran'us,
963 2202 1007 2234 ut
1034 2195 1113 2234 hoc
1139 2195 1245 2242 loco,
1274 2194 1325 2233 ad
1352 2193 1620 2233 antecedentia
1646 2194 1891 2233 referendum
1919 2208 2029 2242 esse,
2046 2208 2162 2245 quam
2191 2193 2243 2232 ad

285 2265 503 2315 sequentia3
546 2264 594 2302 cf.
618 2264 646 2313 1,
671 2264 746 2310 31;
784 2263 854 2311 lv,
880 2261 945 2310 48,
982 2268 1021 2301 et
1057 2264 1128 2309 503
1156 2262 1242 2311 VII,
1273 2263 1334 2310 10,
1362 2260 1396 2314 §.
1421 2264 1461 2309 53
1499 2274 1573 2302 nec
1600 2269 1726 2303 tamen
1754 2261 1895 2303 desunt
1922 2261 2110 2315 exempla,
2139 2274 2242 2314 quae

286 2333 523 2369 contrarium
549 2331 734 2383 probent,
763 2338 806 2369 ut
833 2331 880 2378 11,
899 2332 939 2378 5,
975 2329 1046 2368 ubi
1074 2330 1195 2369 altera
1220 2328 1453 2382 significatio
1483 2330 1641 2369 alteram
1669 2333 1887 2383 sequitur.),
1915 2337 2034 2383 atque
2061 2332 2115 2369 ita
2143 2341 2239 2369 con-

283 2402 408 2439 tinuat
435 2397 534 2446 ,,ἕο·τι
563 2398 601 2440 δὲ
630 2397 693 2440 δύο
724 2396 877 2452 «palpem
904 2398 965 2443 τῆς
991 2397 1147 2442 πόλιος”.
1205 2399 1321 2450 Quae
1341 2399 1470 2449 qualia
1496 2400 1641 2438 fuerint
1668 2407 1713 2438 ut
1739 2400 1984 2451 intelligatur,
2013 2412 2165 2437 murum
2192 2398 2240 2436 il-

282 2467 363 2506 lum
393 2466 443 2506 ab
472 2473 641 2519 utraque
669 2473 780 2520 parte
809 2466 859 2506 ad
886 2466 1122 2520 Euphratem
1151 2480 1290 2520 usque,
1320 2468 1388 2519 qui
1416 2480 1487 2520 per
1514 2467 1680 2507 mediam
1708 2466 1845 2507 urbem
1874 2467 2051 2520 perfluat,
2088 2465 2238 2519 produ-

285 2544 388 2574 ctum
415 2549 545 2587 neque
573 2537 629 2575 ibi
656 2539 914 2575 intermissum
943 2537 1062 2575 fuisse
1090 2536 1201 2583 dicit,
1237 2548 1325 2573 cum
1353 2536 1568 2574 secundum
1596 2542 1800 2588 utramque
1828 2537 1995 2574 fluminis
2022 2537 2145 2587 ripam
2174 2548 2238 2573 ex-

285 2610 433 2643 structa
459 2604 575 2644 fuerit
602 2604 787 2658 „simui
813 2603 965 2647 πλίνθων
992 2603 1143 2646 ὃπτέων”
1172 2605 1295 2656 (quae
1324 2606 1426 2643 muri
1458 2603 1618 2643 brachia
1644 2606 1745 2645 inter
1773 2618 1816 2644 se
1845 2606 2115 2657 coniungeret,
2150 2603 2237 2642 effi-

285 2678 472 2725 ceretque
507 2670 604 2711 duas
633 2675 744 2724 quasi
771 2673 907 2722 urbes,
948 2679 1153 2725 utramque
1183 2671 1353 2713 clausam
1387 2678 1425 2712 et
1462 2674 1663 2721 munitam,
1699 2672 1825 2712 forma
1859 2672 2016 2726 quidem
2052 2671 2237 2724 oblonga,

284 2743 394 2781 cuius
431 2740 554 2781 latera
588 2739 767 2794 longiora
795 2741 961 2781 fluminis
992 2755 1149 2782 cursum
1185 2745 1547 2795 prosequerentur).
1603 2740 1758 2782 Deinde
1785 2743 1867 2781 vias
1904 2740 2012 2782 urbis
2041 2739 2238 2789 describit,

282 2824 446 2862 quarum
476 2821 577 2862 quae
608 2810 658 2849 ad
686 2810 832 2848 flumen
860 2810 1121 2860 decurrerent,
1156 2812 1282 2863 portis
1313 2813 1441 2851 aeneis
1469 2811 1525 2851 illi
1553 2810 1756 2869 ,,οιι’μοισ·ιῇ”
1783 2810 1913 2851 inditis
1942 2808 2236 2850 claudebantur.

283 2880 362 2919 lam
379 2879 500 2920 verba
528 2878 647 2933 paulo
678 2886 767 2920 ante
797 2893 819 2918 a
847 2893 908 2919 me
939 2882 1127 2932 exscripta
1156 2888 1372 2932 sequuntur
1400 2883 1524 2929 „roffio
1545 2879 1611 2932 μὲν
1632 2877 1674 2926 δὴ
1699 2898 1734 2921 κ.
1749 2898 1780 2921 τ.
1797 2881 1869 2927 w,
1899 2893 2000 2932 quae
2020 2878 2234 2929 Schweigh.
