2572 3423
1254 171 1313 216 22

302 338 452 392 πηχέων
479 338 617 386 ἑκατόν,
643 336 741 391 εὖρος
768 335 809 379 ⁸}
835 334 928 379 ὀκτὼ
954 334 1136 391 πηκίων.”
1191 338 1375 390 Quorum
1412 337 1575 378 alterum
1603 338 1767 379 Romam
1795 338 2022 379 translatum
2051 343 2149 386 esse,
2182 339 2256 379 ibi-

302 422 383 462 que
416 412 456 448 in
486 409 678 447 Vaticano
716 406 954 447 collocatum
988 406 1195 447 verisimile
1230 413 1289 446 est
1324 407 1398 456 (cs.
1429 407 1526 447 Pliu.
1554 407 1579 447 l.
1601 407 1656 459 l.).
1720 408 1821 446 Sunt
1859 409 1936 447 100
1966 407 2054 447 cub.
2082 407 2185 460 vulg.
2212 424 2258 443 Β

306 476 458 523 147,34’
483 475 609 514 Rhen.
640 481 679 515 et
714 478 741 515 8
772 475 863 515 cub.
890 493 935 511 ε
962 474 1090 523 11,79’
1117 476 1241 515 Rhen.
1272 495 1321 505 --
1376 474 1470 514 Sed·
1493 474 1749 515 dubitandum
1775 479 1844 515 'est
1877 475 1928 515 de
1963 477 2022 515 his
2054 477 2256 523 mensuris,-

301 546 392 597 quia
424 546 615 583 maximus
653 545 825 584 omnium
862 543 1140 592 obeliscorum,
1174 545 1244 596 qui
1276 543 1481 595 hucusque
1513 545 1658 595 reperti
1693 549 1794 591 sunt,
1828 544 2089 584 Ramessaeus
2117 545 2256 592 dictus,

299 611 483 665 idemque
503 610 649 651 Thebis
664 611 832 651 Romam
857 617 1153 664 transportatus,
1183 612 1234 654 72
1252 616 1398 650 tantum
1414 610 1571 650 cubitos
1586 611 1690 665 vulg.
1709 599 1809 651 altus
1838 618 1907 650 est.
1951 612 2083 652 Alium
2109 614 2257 653 inveni-

299 695 386 720 mus
415 684 454 718 in
480 680 584 718 libro
614 680 784 718 Iomardi
810 681 968 729 (Descr.
985 680 1035 719 de
1050 670 1240 732 1’Eg.vn‚
1267 694 1306 732 p.
1322 682 1417 730 109)
1445 682 1546 718 inter
1562 680 1763 719 Romanos
1793 679 2001 727 obeliscos,
2026 683 2257 733 inscriptum

300 751 550 798 ‚‚Vaticanus,
580 753 603 788 a
630 748 740 788 saint
767 749 938 795 Pienei'
966 742 1070 789 hunc
1097 749 1230 801 Zoe‘ga
1263 751 1341 788 150
1357 748 1476 801 palm.
1491 750 1604 789 Rom.
1632 755 1776 789 recent.
1803 762 1984 801 magnum
2012 749 2116 790 olim
2135 750 2258 790 suisne

301 816 513 864 contendit,
541 818 565 856 i.
587 829 618 855 e.
649 817 802 855 circiter
827 816 946 864 3351
978 816 1087 855 metr.
1106 816 1203 869 gall.
1231 833 1276 851 =
1295 816 1413 864 72,47
1446 816 1536 856 cub.
1564 816 1667 870 vulg.
1687 817 1860 869 Aegypt.
1915 816 1996 856 Sed
2025 817 2258 857 contradicit

299 884 515 934 Iomardus,
545 886 660 938 eique
689 883 875 925 adscribit
903 884 995 934 27,7
1009 884 1119 925 metr.
1132 884 1220 938 gall.
1247 902 1292 921 =
1312 885 1364 925 60
1379 884 1467 926 cub.
1482 885 1597 940 vulg„
1625 884 1741 926 unde*
1759 886 1928 934 coniicit,
1957 884 2063 939 apud
2090 885 2257 926 Plinium

299 967 373 1008 pro
411 953 471 1001 „C
502 953 746 993 cubitorum”
781 952 1032 993 scribendum
1064 967 1150 992 esse
1178 953 1238 1001 „C
1266 953 1444 1007 pedum.”
1499 955 1614 1008 Fugit
1642 958 1771 994 autem
1799 956 1940 994 Virum
1968 954 2140 1003 doctum,
2174 965 2257 994 non

302 1023 433 1062 dicere
462 1023 629 1061 Plinium
664 1022 815 1062 disertis
844 1021 987 1069 verbis,
1023 1035 1119 1061 uum
1146 1021 1310 1061 obelisci
1338 1022 1446 1061 illius
1470 1024 1517 1061 in
1541 1023 1744 1062 Vaticano·
1762 1025 1882 1075 ‘positi
1909 1022 2134 1075 magnitudo
2158 1030 2257 1063 ⁴vere

297 1091 412 1130 fuerit
442 1098 596 1135 centum
626 1089 862 1138 cubitorum,
888 1089 1064 1143 ideoque
1090 1103 1174 1130 non
1200 1089 1305 1130 illius
1331 1089 1454 1130 verba
1472 1102 1560 1130 esse
1574 1090 1820 1143 corrigenda,
1848 1091 1926 1131 sed.
1936 1091 1988 1131 ad
2008 1089 2256 1131 Herodotum

297 1157 589 1198 recurrendum.
621 1180 671 1189 -
700 1160 782 1198 *Bis
799 1157 949 1198 cubito
976 1164 1113 1199 nester
1139 1160 1262 1197 utitur
1290 1160 1330 1198 ‘m
1354 1158 1510 1211 templis
1529 1159 1756 1199 monolithis
1774 1158 2054 1207 descrihendis,
2078 1158 2133 1198 de
2153 1164 2255 1211 quo·

298 1242 386 1268 rum
415 1228 552 1276 altero,
582 1226 693 1279 quod
714 1228 820 1266 Buto
849 1225 950 1266 urbe
965 1227 1137 1279 Aegypti
1165 1225 1370 1274 inferioris,
1399 1225 1449 1266 ad
1478 1229 1620 1267 ostium
1635 1226 1944 1280 Sebennyticum
1959 1229 2055 1276 sita,
2084 1229 2256 1267 invenie-

297 1297 427 1343 batur,
462 1297 559 1336 haec
593 1296 757 1349 legimus
792 1296 855 1346 (11,
878 1296 975 1346 155)
1009 1295 1107 1343 „zo-u
1136 1325 1196 1336 ...
1223 1291 1366 1350 νηδςέξ
1395 1293 1470 1340 ἑνδς.
1492 1294 1592 1336 λίθου
1621 1295 1915 1345 verocundiae-35
1936 1312 1976 1336 τε
2002 1294 2104 1349 ὕψος
2131 1292 2195 1335 κα.)
2223 1294 2259 1339 εἰς

297 1366 429 1413 μῆαος,
457 1362 522 1405 καὶ
548 1366 675 1414 ’τοῒχος
702 1361 858 1408 ἕκαστος
882 1361 1039 1404 τούτοισι
1068 1361 1152 1406 froc·
1183 1359 1455 1417 τσο-εροίκοντα.
1483 1362 1632 1415 πηχέων
1654 1362 1801 1404 τουτέων
1830 1362 1982 1405 ἕκαστον
2011 1362 2095 1404 ἐστι’.
2151 1362 2193 1404 ro*
2219 1361 2258 1404 ἃ

296 1432 605 1484 καταστέγασμα.
639 1430 703 1476 τῖίς
738 1432 873 1485 ὀροφῆς
904 1426 1029 1474 dnae
1059 1428 1241 1471 ἐπικέεται
1274 1429 1381 1478 λίθος,
1411 1431 1508 1481 ἔχων
1536 1429 1597 1476 τὴν
1623 1430 1865 1485 παροψοφίὸα.
1893 1430 2159 1483 τετρίπηχυν.”
2214 1431 2258 1472 In

295 1500 493 1553 duplicem
523 1498 658 1539 incidit
687 1512 859 1539 errorem
887 1499 1088 1547 Baehrius,
1124 1500 1236 1538 cuius
1264 1505 1397 1538 notam
1425 1499 1541 1539 liceat
1569 1499 1799 1539 exscribere.
1855 1500 1962 1539 Dicit
1989 1500 2075 1547 „Ne
2104 1497 2257 1540 ἕκαστον

384 1571 425 1608 iu
454 1566 609 1611 ἕκαστος
636 1573 818 1616 mutetur,
847 1570 1034 1620 quoniam
1064 1567 1114 1606 ad
1142 1571 1269 1618 τοῒχος
1295 1574 1457 1620 spectat,
1484 1567 1644 1607 obstant
1670 1581 1764 1606 sane
1792 1568 1883 1607 libri
1910 1569 2055 1620 scripti,
2085 1580 2255 1619 quorum

297 1639 508 1676 auctoritas
539 1635 804 1688 praeferenda.
854 1621 1006 1676 Mavult
1025 1636 1419 1688 Schweighaeusems
1446 1637 1593 1675 referre
1622 1636 1672 1675 ad
1698 1638 1817 1687 μῖκος
1844 1643 1882 1675 et
1908 1634 2024 1689 ὕψοςς
2055 1642 2094 1675 et
2111 1638 2258 1688 poterit

299 1708 436 1758 utique
466 1704 704 1758 subintelligi
730 1704 861 1753 ὠλεν,
890 1703 1001 1756 quod
1031 1704 1274 1744 antecedenti
1300 1708 1428 1757 τοῖχος
1442 1704 1739 1758 quodammodo
1757 1704 2034 1755 contineatur.”
2072 1704 2167 1744 Non
2195 1718 2255 1743 se-

296 1775 374 1813 mel
400 1788 489 1813 eum
517 1787 702 1827 peccasse
730 1772 833 1813 dico.
878 1774 1021 1826 Neque
1050 1776 1150 1813 euim
1180 1772 1333 1814 ἕκαστον
1360 1773 1411 1813 ad
1428 1777 1555 1824 τοῒχος
1577 1780 1737 1827 spectat,
1766 1773 1836 1813 sed
1858 1787 1946 1812 cum
1965 1773 2181 1826 Schweigh.
2204 1772 2255 1812 ad

294 1843 412 1895 μῆκος
438 1850 478 1883 et
505 1841 606 1897 ὕφος
631 1842 879 1883 referendum
908 1856 994 1883 esse
1023 1855 1179 1891 censeo,
1215 1849 1255 1882 et
1284 1842 1599 1895 coniungendam
1626 1841 1776 1884 τουτέων
1803 1840 1973 1890 &aevom
2001 1855 2131 1895 neque
2161 1841 2254 1881 sub·

295 1912 421 1951 audiri
448 1911 567 1952 ιοῶλον
595 1925 756 1951 necesse
785 1918 854 1959 est,
885 1925 974 1951 cum
1002 1924 1084 1951 non
1111 1911 1212 1950 male
1240 1913 1292 1950 ita
1321 1911 1446 1950 dicas:
1476 1910 1627 1951 τουτέων
1654 1909 1818 1959 ἕκαστον,
1846 1909 1964 1964 μῆκός
1986 1927 2027 1951 τε
2050 1908 2115 1951 na.)
2144 1908 2255 1963 ὕψος,

295 1978 484 2031 τεσσεροίκ.
514 1980 663 2031 πηχέων
700 1978 784 2020 ἐστι’.
840 1981 990 2019 Verum
1026 1986 1097 2027 est,
1137 1977 1300 2033 ἑκάτερον
1323 1979 1629 2031 praeferendum
1657 1979 1792 2027 videri,
1829 1979 1900 2019 sed
1927 1982 1960 2019 si
1989 1978 2256 2019 antecedentia

296 2048 419 2088 verba
453 2053 601 2087 attento
636 2047 776 2100 legeris
812 2049 953 2094 animo,
989 2048 1104 2087 etiam
1140 2044 1293 2088 ἕκαστον
1326 2047 1421 2086 ferri
1455 2059 1575 2099 posse
1611 2046 1816 2086 concedes.
1873 2048 1973 2086 Nam
2001 2044 2155 2088 τούτοισι
2181 2045 2256 2089 ἴσος

295 2116 393 2171 quid
429 2115 644 2169 significat?
682 2116 773 2154 Hoc
807 2127 973 2168 quoque
1005 2112 1160 2156 τούτοισι
1195 2114 1246 2154 ad
1272 2114 1389 2167 μῆκος
1416 2121 1456 2153 et
1483 2113 1582 2168 ῧ-ψος
1608 2114 1857 2154 referendum
1886 2122 1954 2162 est,
1986 2122 2031 2154 ut
2067 2117 2255 2154 sententia

294 2187 391 2224 haec
421 2187 485 2224 sit:
517 2187 646 2237 paries
675 2186 848 2236 quisque
873 2183 1118 2236 longitudine
1146 2190 1186 2223 et
1214 2183 1416 2223 altitudine
1445 2197 1517 2235 par
1545 2190 1605 2222 est
1632 2185 1656 2223 i.
1677 2196 1710 2223 e.
1738 2186 1855 2223 unius
1879 2186 2071 2236 cuiusque
2097 2186 2253 2236 parietis

295 2252 502 2307 longitudo
532 2266 621 2292 cum
650 2251 853 2293 altitudine
882 2254 1063 2305 congruit
1092 2253 1234 2303 (Nimis
1262 2266 1361 2305 vaga
1389 2258 1480 2292 sunt
1508 2251 1643 2304 Langii
1669 2250 1790 2292 verba
1818 2250 1928 2301 „und
1950 2266 1993 2293 so
2014 2253 2065 2292 ist
2077 2250 2253 2308 jegliche

298 2321 457 2368 Wand,
492 2320 578 2361 und
599 2320 700 2377 jede
727 2323 835 2362 Seite
861 2323 915 2361 ist
942 2335 1030 2360 von
1060 2323 1222 2376 vierzig
1248 2319 1387 2361 Ellen’'
1423 2324 1525 2373 etc.).
1581 2321 1659 2360 Iam
1696 2323 1736 2361 in
1772 2321 2028 2374 sequentibus
2055 2320 2187 2361 verbis
2216 2327 2255 2360 et

295 2391 448 2430 linitum
485 2403 690 2429 numerum
726 2390 834 2429 addit
868 2395 908 2428 et
942 2389 993 2428 ad
1025 2392 1102 2428 vim
1132 2389 1344 2442 augendam
1374 2392 1513 2437 omnia,
1549 2403 1653 2442 quae
1679 2391 1832 2443 singula
1860 2391 1910 2430 de
1939 2390 2098 2443 singulis
2127 2392 2254 2442 parie-

293 2458 401 2498 tibus
431 2457 553 2497 modo
584 2457 742 2505 dixerat,
770 2459 824 2498 ita
851 2459 966 2509 quasi
994 2458 1277 2510 complectitur,
1306 2465 1350 2498 ut
1379 2458 1481 2498 dicat
1510 2457 1701 2507 ,,τουτέων”
1729 2461 1753 2498 i.
1775 2472 1808 2498 e.
1837 2460 1973 2498 harum
1998 2460 2170 2498 omnium
2190 2457 2255 2507 (li-

297 2534 381 2566 ceat
410 2529 466 2567 sic
495 2526 687 2576 scribere)
717 2525 1007 2578 longitudinum
1036 2533 1074 2565 et
1103 2525 1350 2565 altitudinum
1379 2539 1562 2578 quaeque
1591 2530 1714 2577 (recte
1742 2528 1858 2580 igitur
1886 2524 2056 2577 ἕκαστον)
2086 2525 2253 2578 quadra-

296 2597 399 2646 ginta
435 2602 493 2633 est
530 2595 766 2633 cubitorum.
822 2593 888 2633 Ad
922 2594 1023 2632 hanc
1059 2596 1285 2632 sententiam
1320 2594 1547 2632 firmandam
1579 2594 1726 2645 aliquid
1754 2595 1962 2634 conferunt
1989 2593 2111 2633 verba
2139 2607 2252 2646 prae-

297 2662 486 2709 cedentia,
514 2677 617 2713 quae
651 2669 808 2703 narrant
842 2661 1064 2716 propylaea
1092 2663 1207 2702 huius
1235 2662 1371 2715 templi
1399 2662 1519 2702 fuisse
1549 2661 1607 2711 ,,ε’ς
1634 2661 1734 2716 ὕψος
1761 2661 1852 2704 δέκα.
1879 2662 2064 2716 ὁργυιέων”
2093 2665 2115 2702 i.
2137 2677 2169 2702 e.
2201 2661 2253 2702 40

296 2731 454 2771 cubitos
491 2730 578 2769 alta.
635 2730 804 2770 Videtur
836 2734 953 2785 igitur
989 2731 1056 2771 ille
1092 2731 1190 2784 lapis
1218 2730 1347 2771 cubus
1382 2731 1514 2779 fuisse,
1554 2731 1674 2771 latere
1704 2730 1756 2770 40
1786 2731 1941 2772 cubitos
1971 2732 2103 2786 longo,
2139 2734 2252 2772 cuius

294 2800 480 2840 volumen
518 2798 655 2839 64000
691 2799 804 2838 cubis
840 2800 961 2840 cubiti
988 2801 1092 2853 vulg.
1123 2802 1305 2840 constitit.
1361 2800 1576 2852 Aliquanto
1606 2800 1805 2839 difficilius
1841 2807 1910 2847 est,
1939 2801 2036 2852 quid
2064 2800 2254 2853 significet

295 2867 514 2922 παρωροφίς,
551 2867 757 2921 explicare.
826 2868 1031 2907 Maluerim
1067 2869 1226 2921 quidem
1265 2882 1353 2908 cum
1390 2870 1605 2909 Letronnio
1642 2869 1790 2916 facere,
1827 2871 1896 2920 qui
1932 2875 2081 2917 censet,
2118 2881 2253 2918 woepwp.

296 2950 382 2977 esse
418 2951 501 2976 eam
536 2937 689 2977 aedium
726 2943 888 2990 partem,
923 2950 1040 2989 quam
1078 2937 1184 2976 Galli
1220 2937 1355 2980 dicunt
1391 2938 1451 2985 „la
1487 2938 1689 2978 corniche'’
1728 2944 1766 2976 et
1799 2937 1874 2976 illis
1911 2943 2083 2990 quatuor
2111 2934 2252 2972 cubitis
