2572 3423
1264 159 1291 200 4

1132 227 1420 242 mmm

296 329 458 371 meram,
497 334 783 374 coeperamque
819 326 999 359 auctores
1035 322 1229 371 antiquos,
1268 323 1335 371 qui
1372 320 1421 359 de
1457 321 1515 359 his
1552 321 1670 360 rebus
1706 321 1935 372 loquuntur,
1975 321 2176 373 perlegere
2214 330 2253 361 et

298 392 525 437 examinare,
555 403 673 440 quum
700 389 798 427 hora
825 388 917 427 mihi
945 390 1051 427 venit
1076 387 1282 426 scribendi.
1339 387 1539 427 Prodeant
1558 390 1673 439 igitur
1691 389 1786 427 haec
1806 387 1856 426 de
1877 390 2077 435 mensuris,
2108 388 2251 439 quibus

298 457 527 497 Herodotus
547 469 642 495 usus
669 462 738 504 est,
767 454 974 508 disputata,
1003 469 1129 508 pauca
1149 454 1317 507 quidem,
1347 454 1417 494 sed
1436 457 1489 494 ita
1509 457 1739 507 composita,
1769 461 1812 495 ut
1831 456 1935 494 notis
1963 457 2150 507 priorum,
2179 458 2254 495 nisi

298 526 519 564 necessario
555 523 596 562 id
629 523 710 570 fiat,
746 537 828 562 non
862 525 1048 575 repetitis,
1085 536 1131 561 ea
1166 530 1313 562 tantum
1350 523 1558 574 proferam,
1595 535 1695 574 quae
1725 522 1858 574 aliquo
1887 525 1972 561 iure
2002 525 2149 574 possim
2178 536 2251 575 pro

299 594 393 631 meis
429 591 586 630 habere.
642 592 742 631 Rem
770 593 824 630 ita
851 592 1010 638 institui,
1049 597 1092 629 ut
1130 590 1303 629 collectis
1331 592 1496 643 primum
1527 589 1763 637 omnibus,
1803 589 1872 629 ubi
1900 604 2104 629 mensurae
2134 591 2254 630 alicu-

299 663 360 700 ius
396 662 542 699 mentio
579 659 712 707 fieret,
749 659 867 708 locis,
904 658 1044 698 deinde
1074 672 1143 698 eos
1174 658 1371 711 eligerem,
1409 660 1476 711 qui
1506 657 1555 697 de
1583 657 1868 711 longitudinum
1895 661 2085 698 mensuris
2115 665 2255 705 essent,

300 729 475 781 reliquos
504 730 543 767 in
573 727 679 767 aliud
708 734 861 780 tempus
889 739 1097 780 reponens.
1153 726 1246 766 Illos
1275 740 1383 776 vero,
1411 733 1621 780 postquam
1634 713 1867 766 â€œaccuratius
1896 728 1937 766 in
1965 739 2035 766 eos
2061 728 2254 779 inquisivi,

301 798 510 848 disponere
545 804 585 835 et
618 799 719 836 inter
747 810 789 835 se
824 797 1060 848 coniungere
1089 795 1232 843 studui,
1262 810 1339 847 qua
1367 798 1408 835 in
1425 809 1479 843 re,
1509 809 1610 847 quae
1630 795 1908 847 simplicissima
1926 796 2019 834 mihi
2036 795 2254 842 videbatur,

301 878 383 904 eam
411 866 513 905 viam
542 872 700 905 secutus
730 878 825 912 sum,
855 877 878 903 a
905 863 1121 903 minoribus
1141 866 1330 903 mensuris
1350 863 1605 916 progrediens
1625 863 1675 903 ad
1694 865 1870 903 maiores.
1926 864 1970 902 ln
1988 865 2098 902 initio
2126 871 2255 903 autem

303 933 494 984 quaedam
523 934 563 972 in
592 934 812 972 universam
839 932 939 970 hanc
966 944 1048 971 rem
1076 933 1290 983 spectantia
1318 930 1522 971 collocavi.

492 1001 643 1052 Quaeri
678 1004 777 1039 enim
812 1002 977 1051 primum
1006 1006 1148 1050 potest,
1184 1012 1277 1037 num
1305 998 1535 1038 Herodotus
1564 1001 1604 1038 in
1633 999 1855 1038 definienda
1883 1000 1955 1038 hac
1982 1000 2047 1038 vel
2074 999 2141 1037 illa
2168 999 2255 1038 lon-

302 1068 473 1120 gitudine
510 1070 567 1106 uti
594 1067 765 1107 voluerit
800 1074 838 1106 et
871 1068 1041 1105 numeris
1079 1072 1117 1104 et
1152 1068 1342 1104 mensuris
1379 1068 1534 1112 exactis,
1571 1080 1619 1104 an
1655 1069 1701 1104 iis
1736 1073 1883 1105 tantum
1911 1070 2016 1118 vagis
2053 1074 2092 1105 et
2119 1070 2257 1106 incon-

301 1135 648 1186 stantibus,.quae
685 1136 799 1174 certis
838 1133 1074 1186 quibusdam
1112 1135 1290 1187 corporis
1327 1133 1482 1172 humani
1518 1132 1693 1185 partibus
1732 1147 1813 1173 non
1846 1146 1990 1173 nomen
2025 1134 2152 1173 solum
2187 1134 2257 1173 sed

301 1207 422 1255 ipsam
457 1216 621 1254 quoque
657 1202 937 1255 longitudinem
974 1201 1156 1241 debeant.
1211 1191 1358 1240 Eoru'm
1389 1203 1457 1253 qui
1486 1214 1600 1239 unam
1630 1201 1837 1240 alteramve
1866 1204 2094 1241 sententiam
2123 1201 2256 1241 defen-

304 1271 456 1318 derunt,
496 1271 570 1319 alii,
610 1278 654 1310 ut
689 1271 846 1322 plurimi
880 1270 1238 1322 Francogallorum,
1276 1284 1364 1308 cum
1398 1272 1438 1308 in
1475 1268 1558 1307 aliis
1595 1269 1854 1321 scriptoribus
1889 1272 2068 1321 antiquis,
2103 1277 2185 1309 tum
2218 1272 2258 1309 in

304 1338 513 1379 Herodoto
550 1345 688 1378 nostro
725 1340 836 1378 nimis
874 1337 1050 1377 studiose
1086 1345 1284 1377 accuratas
1321 1345 1359 1376 et
1397 1339 1502 1376 omni
1539 1351 1584 1376 ex
1618 1344 1728 1389 parte
1763 1337 1963 1376 absolutas
1992 1351 2259 1377 mensurarum

305 1407 552 1448 definitiones
590 1408 877 1457 quaesiverunt,
914 1406 979 1445 alii
1015 1412 1152 1446 contra
1186 1408 1297 1445 nimis
1332 1406 1449 1458 longe
1494 1407 1533 1445 in
1563 1407 1785 1458 oppositam
1813 1405 1993 1445 abierunt
2020 1413 2179 1459 partem,
2215 1413 2260 1446 ut

302 1476 578 1522 Dahlmannus,
609 1477 677 1525 qui
706 1477 763 1523 (in
791 1474 913 1513 libro:
944 1474 1225 1526 Forschungen
1255 1475 1323 1513 auf
1349 1473 1436 1513 dem
1458 1473 1624 1513 Gehiete
1650 1473 1720 1513 der
1740 1474 1974 1514 Geschichte
2003 1481 2074 1514 etc.
2103 1482 2194 1514 tom.
2206 1475 2259 1525 11)

302 1542 551 1582 Herodotum
573 1542 783 1589 contendit,
813 1542 883 1581 ubi
911 1541 1092 1593 pedibus,
1123 1541 1275 1588 cubitis,
1305 1542 1454 1593 palmis,
1483 1541 1672 1580 similibus
1700 1542 1830 1581 verbis
1860 1550 2001 1588 utatur,
2030 1543 2124 1581 nihil
2152 1542 2259 1581 aliud

302 1610 402 1650 velle
423 1610 473 1649 ab
494 1609 734 1649 audientium
763 1611 896 1648 animis
917 1611 1053 1661 excipi,
1083 1611 1157 1647 nisi
1176 1611 1300 1661 ipsam
1318 1610 1458 1648 horum
1480 1611 1660 1661 corporis
1679 1608 1942 1649 membrorum
1966 1609 2258 1663 longitudinem.

304 1677 428 1729 Quod
467 1680 499 1716 si
525 1691 663 1716 verum
699 1684 816 1724 esset,
853 1677 902 1716 de
934 1678 1006 1716 hac
1040 1690 1082 1715 re
1115 1677 1179 1715 vel
1213 1676 1372 1716 duobus
1406 1676 1538 1715 verbis
1572 1676 1770 1728 disputare
1804 1684 2037 1730 repugnaret
2065 1680 2171 1717 omni
2197 1691 2260 1717 ra-

306 1748 412 1793 tioni,
443 1748 535 1798 quia
562 1745 611 1784 de
639 1745 760 1785 rebus
789 1748 943 1786 incertis
973 1752 1011 1785 et
1039 1744 1350 1785 inconstantibus
1381 1744 1486 1784 aliud
1517 1744 1731 1796 quidquam
1751 1744 1828 1784 dici
1848 1745 1929 1784 fere
1947 1748 2084 1798 nequit
2106 1753 2260 1798 praeter

304 1815 345 1853 id
373 1818 511 1866 ipsum,
541 1827 627 1853 esse
655 1816 821 1852 incertas
852 1820 889 1852 et
918 1816 1193 1853 inconstantes.

493 1882 643 1920 Verum
679 1881 790 1919 aliter
823 1894 887 1919 res
923 1894 965 1920 se
998 1880 1124 1920 habet.
1181 1882 1356 1919 Fuerunt
1392 1883 1494 1919 enim
1522 1880 1730 1920 Herodoto
1759 1884 1915 1921 vivente
1945 1889 1982 1920 et
2012 1882 2186 1927 Graecis,
2222 1889 2261 1920 et

307 1952 445 1999 Persis,
481 1956 519 1988 et
547 1949 754 2001 Aegyptiis
789 1951 850 1998 (ut
879 1947 929 1988 de
958 1948 1041 1988 aliis
1070 1948 1229 2001 populis
1258 1953 1423 1999 taceam)
1459 1962 1663 1988 mensurae
1692 1956 1872 1989 accurate
1903 1956 1940 1989 et
1968 1949 2135 2002 legitime
2165 1962 2261 1989 con-

306 2022 476 2065 stitutae,
516 2030 645 2068 neque
679 2019 753 2056 ista
788 2016 970 2056 metiendi
1003 2019 1116 2065 ratio,
1156 2030 1257 2068 quae
1292 2024 1453 2055 naturae
1489 2018 1687 2056 hominum
1722 2017 1874 2056 rudiori
1915 2024 2144 2069 tantumque
2178 2030 2262 2057 non

308 2087 421 2138 plane
457 2086 626 2124 incultae
663 2087 854 2131 convenit,
891 2085 957 2123 illa
994 2091 1118 2123 aetate
1147 2084 1270 2122 multo
1301 2085 1567 2135 frequentiore
1598 2099 1672 2123 usu
1699 2091 1859 2137 recepta
1887 2085 1972 2132 fuit,
2010 2099 2126 2136 quam
2155 2085 2261 2137 apud

307 2169 390 2203 nos,
427 2156 506 2207 qui,
541 2153 611 2193 uhi
638 2167 700 2193 res
737 2155 843 2205 ipsae
881 2159 1098 2192 accuratam
1127 2152 1393 2192 definitionem
1422 2155 1547 2192 minus
1576 2160 1752 2205 poscant,
1786 2155 1959 2192 contenti
1987 2156 2119 2202 simus,
2149 2167 2257 2193 men-

307 2238 415 2263 suras
451 2226 715 2263 inconstantes
748 2235 1014 2273 numerosque
1049 2236 1130 2261 non
1167 2229 1322 2261 exactos
1358 2221 1589 2261 exhibuisse.
1645 2222 1753 2260 Illam
1788 2235 1884 2261 vero
1918 2236 1999 2261 rem
2028 2237 2116 2261 cum
2142 2236 2259 2262 nemo

308 2292 417 2332 facile
446 2293 494 2331 sit
524 2292 592 2343 qui
620 2290 739 2330 hodie
767 2289 989 2338 addubitet,
1024 2303 1130 2329 nunc
1159 2303 1230 2329 eos
1258 2296 1407 2329 tantum
1436 2289 1620 2329 allaturus
1650 2303 1735 2329 sum
1763 2289 1895 2338 locos,
1934 2293 2000 2343 qui
2029 2292 2112 2330 eius
2142 2297 2260 2331 testes

309 2365 347 2400 in
381 2362 475 2411 ipsis
504 2358 701 2398 Herodoti
733 2359 841 2398 libris
877 2365 1036 2397 exstant.
1093 2359 1244 2398 Notum
1277 2365 1335 2397 est
1370 2357 1469 2397 illud
1502 2360 1627 2396 nostri
1656 2359 1743 2407 (Vl,
1766 2359 1880 2408 127),
1915 2357 2107 2406 ,,Î¦Îµá½·á½¸Ï‰Î½Î¿Ï‚
2129 2358 2169 2399 Î´á½²
2197 2358 2262 2399 Ï„Î¿á¿¦

309 2426 357 2468 Ï„Î±á½¶
384 2426 503 2479 Î¼á½·Ï„ÏÎ±Î¹
532 2424 742 2470 Ï€Î¿Î¹á½µÏƒÎ±Î½Ï„Î¿Ï‚
765 2425 1102 2472 Î ÎµÎ»Î¿Ï€Î¿Î½Î½Î·Ïƒá½·Î¿Î¹ÏƒÎ¹â€
1132 2426 1242 2478 quod
1271 2427 1413 2466 factum
1442 2426 1553 2465 multi
1581 2433 1738 2465 tuentur
1767 2426 1832 2474 (cs.
1862 2426 2025 2466 Boeckh
2052 2427 2260 2478 Metrolog.

311 2498 398 2535 Unt.
429 2495 561 2547 p.76).
624 2493 716 2532 Alio
751 2493 845 2533 loco
881 2495 927 2543 (1,
957 2495 1051 2544 178)
1089 2493 1318 2534 Herodotus
1358 2496 1504 2546 regium
1541 2494 1747 2533 Persarum
1786 2494 1959 2533 cubitum
1999 2508 2087 2533 cum
2126 2494 2260 2534 cubito

309 2565 455 2615 vulgari
494 2567 706 2612 comparat,
744 2561 928 2611 illiusque
966 2564 1061 2612 regii
1098 2564 1237 2600 iterum
1274 2562 1497 2610 (V11â€š117)
1534 2563 1770 2600 mentionem
1806 2561 1914 2605 facin
1955 2561 2032 2599 alio
2070 2561 2131 2610 (11,
2165 2562 2260 2613 168)

309 2632 545 2682 Aegyptium
580 2629 755 2669 cubitum
784 2629 917 2668 Samio
957 2642 1090 2680 parem
1126 2642 1211 2667 esse
1248 2627 1351 2675 dicit,
1387 2628 1491 2667 unde
1525 2636 1696 2680 apparet,
1732 2628 1923 2667 diversam
1952 2628 2174 2668 cubitorum
2203 2629 2261 2669 di-

310 2701 549 2737 mensionem
578 2699 614 2735 ei
643 2700 787 2748 optime
817 2704 949 2736 notam
978 2697 1108 2735 fuisse.
1165 2696 1348 2735 Dilucide
1385 2696 1554 2748 denique
1591 2698 1751 2748 exponit
1780 2697 1841 2747 (11,
1866 2698 1973 2748 149),
2004 2711 2081 2749 qua
2108 2700 2261 2738 ratione

310 2769 500 2806 variarum
529 2753 793 2805 mensurarum
822 2766 896 2805 alia
926 2780 972 2805 ex
1002 2765 1075 2804 alia
1104 2764 1281 2818 prodeat,
1318 2764 1453 2817 ibique
1482 2778 1667 2804 numeros
1696 2767 1854 2805 omnino
1885 2772 2089 2805 accuratos
2118 2768 2261 2805 statuit.

310 2837 425 2888 Quae
456 2836 585 2874 omnia
614 2836 706 2872 satis
735 2848 931 2885 superque
960 2835 1063 2874 hunc
1093 2842 1292 2874 auctorem
1322 2834 1588 2874 demonstrant
1617 2837 1751 2874 aetatis
1770 2848 1865 2873 suae
1884 2837 2038 2887 ingenio
2058 2848 2140 2873 non
2160 2834 2261 2874 adeo

309 2905 427 2944 fuisse
455 2907 651 2955 imparem,
690 2910 732 2942 ut
762 2902 911 2953 ubique
941 2902 1074 2941 cubito
1105 2905 1216 2954 quasi
1245 2917 1329 2944 suo.
1366 2903 1532 2954 pedibus
1563 2906 1653 2950 suis,
1690 2903 1816 2955 digitis
1846 2905 1925 2942 suis
1954 2910 2139 2950 uteretur,
2175 2917 2261 2942 cum
