2572 3423
1250 118 1308 162 ⁶29

1137 188 1426 203 mm

304 286 428 325 coacti
458 297 629 325 essemus
658 282 876 323 fabulosam
906 289 944 322 et
973 281 1165 322 occultam
1193 282 1373 336 trianguli
1405 281 1507 321 illius
1522 290 1709 323 naturam
1737 283 1925 337 refugere,
1955 282 2076 330 multi,
2105 295 2254 329 vereor,

303 353 508 393 nobiscum
537 354 665 391 facere
694 351 925 392 dubitarent.
970 352 1121 391 Verum
1150 352 1222 391 alia
1251 365 1413 404 quoque
1442 358 1480 391 et
1507 358 1667 390 naturae
1695 365 1825 390 rerum
1853 354 1971 404 magis
2000 353 2256 391 conveniente

302 425 364 462 via
398 420 497 461 illud
534 420 765 473 triangulum
804 423 844 459 in
878 422 1160 473 Aegyptiorum
1194 434 1307 459 usum
1344 426 1383 460 et
1419 418 1741 459 consuetudinem
1776 421 1927 459 venisse
1962 419 2148 460 credibile
2186 427 2254 458 est.

303 491 405 530 Nam
435 496 473 529 et
502 496 636 529 nostra
665 495 788 529 aetate
816 488 917 528 fabri
946 490 1105 542 tignarii,
1135 496 1172 528 et
1201 488 1345 541 quibus
1371 488 1507 528 similia
1536 487 1684 541 agenda
1712 495 1812 536 sunt,
1843 501 1930 526 cum
1958 490 1998 526 in
2026 491 2148 540 spatio
2174 502 2254 527 ma-

301 560 373 597 iori
409 564 608 596 versantes
645 557 825 609 angulum
859 557 1070 596 normalem
1107 564 1333 596 construere
1370 571 1486 610 quam
1523 558 1808 595 accuratissime
1836 556 1986 603 volunt,
2024 556 2091 594 illo
2128 558 2255 596 solent

303 628 359 666 uti
387 625 590 677 triangulo,
620 627 730 665 cuius
759 625 880 665 latera
907 639 1174 665 numerorum:
1204 626 1229 665 3
1248 637 1260 667 ι
1279 624 1302 664 4
1323 637 1335 668 ε
1355 626 1375 665 5
1405 627 1554 664 ratione
1583 624 1833 672 definiuntur,
1871 626 2034 675 primum
2064 624 2177 671 latus,
2212 632 2255 663 ut

302 695 379 735 hoc
407 694 621 747 exemplum
651 693 800 743 addam,
837 695 861 734 6
885 694 1006 748 pedes
1034 694 1191 748 longum
1219 694 1416 743 facientes,
1451 693 1613 733 alterum
1642 696 1665 733 8
1697 692 1828 746 pedes,
1865 695 2017 732 tertium
2052 697 2100 733 10
2123 692 2255 745 pedes.

303 764 395 814 Qua
417 763 572 815 quidem
601 777 644 802 re
672 763 781 801 nulla
810 763 882 801 alia
912 771 979 811 est,
1009 766 1184 815 quamvis
1212 763 1433 810 artificiosa,
1462 776 1574 814 quae,
1603 762 1713 814 quod
1741 756 1984 814 propositum
2014 770 2081 810 est,
2110 763 2254 801 efficiat

301 831 452 871 facilius
482 838 519 871 et
548 834 701 871 certius.
745 832 845 871 Sunt
874 832 1032 883 quidem
1060 831 1180 871 multa
1209 838 1247 871 et
1276 831 1350 870 alia
1376 830 1565 883 triangula
1592 833 1645 870 ita
1673 837 1906 879 constructa,
1935 838 1978 870 ut
2006 844 2167 870 numero
2197 830 2253 869 al-

302 901 421 940 terius
449 899 579 939 lateris
609 898 799 953 quadrato
829 898 962 939 addito
992 899 1041 940 ad
1070 900 1227 941 alterius
1257 898 1500 953 quadratum,
1534 898 1725 939 efficiatur
1752 911 1937 938 numerus
1974 905 2011 938 et
2047 901 2129 952 ipse
2159 913 2254 951 qua—

300 968 450 1014 dratus3
479 968 628 1007 nullum
658 975 786 1007 autem
815 982 950 1007 eorum
979 968 1277 1020 simplicioribus
1307 982 1354 1007 ex
1380 970 1551 1007 numeris
1581 971 1818 1020 compositus
1848 974 1907 1006 est
1936 967 2014 1005 illo.

491 1036 600 1088 Quid
636 1036 778 1076 multa?
834 1037 930 1077 Tale
959 1037 1189 1090 triangulum
1228 1039 1347 1077 totius
1382 1035 1595 1089 pyramidis
1632 1050 1803 1076 normam
1833 1037 1943 1089 quasi
1981 1035 2112 1085 fuisse,
2149 1035 2252 1074 haud

300 1104 462 1145 multum
492 1103 612 1152 abest,
649 1107 742 1156 quin
775 1118 1003 1157 persuasum
1038 1105 1128 1144 mihi
1162 1107 1226 1151 sit;
1264 1112 1381 1157 atque
1409 1107 1462 1144 ita
1491 1104 1658 1157 quidem,
1697 1112 1739 1144 ut
1774 1106 2101 1157 circumscriptum
2137 1104 2250 1143 fuerit

300 1174 357 1211 his
386 1173 510 1211 tribus
539 1172 668 1211 lineis:

546 1248 756 1288 latitudinis
786 1249 943 1288 dimidia
970 1258 1080 1302 parte
1103 1283 1186 1289 ........
1216 1269 1260 1285 =
1288 1252 1312 1290 3
1330 1281 1338 1289 .
1356 1250 1406 1294 75
1425 1250 1514 1290 cub.
1531 1250 1633 1303 vulg.
1663 1269 1704 1285 =
1734 1252 1812 1289 225
1831 1250 1919 1289 cub.
1936 1251 2037 1301 vulg.
2103 1287 2106 1289 ,

548 1317 747 1357 altitudine
780 1318 942 1358 normali
978 1319 1190 1372 pyramidis
1219 1339 1263 1355 =
1292 1318 1315 1359 4
1333 1350 1342 1359 .
1360 1320 1410 1363 75
1459 1345 1476 1350 -
1575 1344 1590 1350 -
1663 1338 1706 1354 =
1735 1320 1815 1358 300
1864 1345 1878 1349 -

546 1386 746 1426 altitudine
775 1388 952 1441 trianguli
982 1388 1190 1441 obliqui
1221 1407 1264 1424 =
1294 1392 1316 1429 5
1335 1419 1343 1428 .
1361 1390 1411 1432 75
1461 1414 1478 1419 -
1575 1414 1592 1419 -
1662 1407 1705 1423 =
1734 1389 1812 1431 375
1863 1413 1878 1418 -

302 1462 646 1503 Commodissimos
685 1472 788 1504 certe
825 1466 896 1504 hos
935 1479 1118 1505 numeros
1154 1480 1251 1514 esse,
1289 1469 1479 1505 neminem
1515 1465 1658 1506 latebit.
1715 1467 1757 1505 In
1793 1466 1864 1504 hac
1903 1465 2079 1518 trianguli
2118 1468 2247 1516 specie

300 1530 550 1583 obliquorum
587 1532 815 1585 angulorum
850 1535 974 1573 maior
1009 1534 1281 1586 complectitur
1316 1535 1388 1574 53⁰
1415 1534 1449 1578 7‘
1470 1533 1549 1583 48⁶,
1586 1536 1710 1573 minor
1745 1534 1818 1573 36⁰
1846 1532 2007 1573 52'12“.
2065 1533 2250 1585 Quorum

299 1601 479 1652 priorem,
515 1602 547 1639 si
583 1600 692 1652 quod
727 1605 917 1653 proposui
947 1608 1004 1641 est
1032 1616 1177 1649 verum,
1207 1602 1384 1654 planities
1415 1602 1575 1653 obliqua
1604 1602 1816 1653 pyramidis
1846 1615 1934 1641 cum
1962 1601 2048 1641 basi
2076 1602 2251 1640 effecerit

298 1681 460 1707 necesse
497 1673 565 1707 est.
620 1669 822 1708 Iomardus
856 1670 1010 1719 (Descr.
1040 1669 1089 1709 de
1117 1660 1211 1722 1’Eg.
1228 1671 1277 1708 V.
1307 1685 1343 1722 p.
1363 1669 1462 1720 643)
1490 1670 1580 1708 huic
1609 1669 1810 1708 adscribit:
1844 1671 2050 1718 „environ”
2090 1671 2162 1708 52ο
2190 1668 2251 1708 50’

300 1742 337 1775 et
374 1735 451 1775 alio
487 1736 577 1775 loco
615 1736 719 1785 (libr.
740 1737 765 1776 l.
787 1739 872 1786 VII,
901 1740 1049 1791 p.518)
1087 1740 1170 1791 ipse
1205 1740 1366 1790 vestigia
1403 1738 1530 1787 affert,
1567 1752 1669 1790 quae
1704 1737 1813 1778 illum
1848 1738 2030 1790 angulum
2065 1740 2251 1777 maiorem

299 1805 418 1843 fuisse
445 1804 652 1843 verisimile
679 1805 853 1845 reddant.
910 1807 1114 1845 Praeterea
1142 1819 1188 1845 ex
1215 1808 1260 1845 iis
1288 1808 1470 1854 numeris,
1509 1806 1652 1858 quibus
1688 1808 1771 1858 ipse
1800 1805 2043 1845 altitudinem
2071 1806 2251 1858 trianguli

300 1872 451 1923 obliqui
487 1873 709 1923 (apotheme
745 1891 789 1908 =
818 1874 932 1921 171‚5
969 1874 1076 1913 metr.
1106 1874 1212 1926 gall.)
1248 1881 1285 1913 et
1321 1875 1422 1914 latus
1459 1874 1564 1914 basis
1600 1876 1774 1926 exprimit
1801 1878 1864 1924 (=
1890 1874 2022 1923 204,9‚
2053 1877 2163 1914 cuius
2193 1874 2251 1913 di-

299 1940 414 1980 midia
442 1953 532 1992 pars
559 1960 602 1977 =
636 1940 776 1989 102,45
806 1942 914 1981 metr.
944 1942 1060 1995 gall),
1091 1942 1244 1983 calculo
1272 1942 1403 1995 prodit
1433 1943 1596 1996 angulus
1626 1943 1691 1983 ille
1719 1962 1763 1979 =
1793 1944 1867 1984 53ο
1898 1942 1966 1984 19’.
2025 1943 2109 1984 Cur
2137 1945 2253 1996 igitur

299 2009 354 2048 illi
382 2023 544 2049 numero
575 2011 669 2060 (520
697 2008 774 2062 50')
803 2017 951 2049 tantum
982 2010 1248 2051 confidamus?
1285 2012 1433 2064 Itaque,
1470 2013 1502 2051 si
1531 2011 1704 2061 eandam,
1738 2026 1855 2066 quam
1884 2026 2014 2065 supra,
2043 2011 2250 2065 longitudi-

298 2092 386 2118 nem
422 2078 558 2118 cubito
587 2078 738 2133 vulgari
767 2078 1021 2118 adscribimus
1051 2082 1111 2130 (=
1140 2079 1286 2129 0‚4618
1316 2080 1425 2120 metr.
1455 2080 1561 2134 gall.)
1589 2081 1749 2136 singulis
1778 2082 1891 2121 huius
1922 2081 2132 2135 pyramidis
2163 2095 2247 2132 par-

298 2146 403 2186 tibus
431 2147 503 2185 hae
532 2147 691 2186 fuerunt
719 2161 939 2188 mensurae:

339 2222 440 2262 latus
462 2222 703 2262 fundamenti
721 2224 1030 2275 comprehendit:
1062 2225 1142 2265 450
1165 2225 1252 2265 cub.
1275 2240 1311 2265 v.
1339 2244 1383 2261 =
1412 2223 1575 2273 662,13‘
1597 2225 1718 2265 Rhen.
1748 2244 1790 2260 =
1820 2226 1959 2272 207‚81
1990 2227 2097 2266 metr.
2119 2225 2205 2277 gall.

341 2290 503 2331 altitudo
530 2291 712 2331 normalis
740 2293 857 2331 totius
882 2306 1031 2345 pyram.
1063 2295 1143 2333 300
1200 2318 1215 2324 -
1283 2319 1299 2324 -
1341 2313 1384 2329 =
1414 2293 1560 2343 441‚42
1650 2318 1665 2323 -
1749 2311 1790 2329 =
1823 2292 1966 2341 138,54
2039 2319 2053 2323 -

342 2360 505 2399 altitudo
527 2360 711 2412 obliquae
733 2362 871 2399 frontis
889 2392 1026 2399 .............
1060 2363 1138 2403 375
1198 2386 1214 2390 -
1281 2386 1297 2391 -
1339 2380 1382 2395 =
1413 2364 1556 2409 551‚78
1647 2387 1663 2391 —
1746 2381 1789 2396 =
1823 2364 1964 2408 173„OE
2039 2389 2053 2392 -

299 2447 423 2486 Paulo
465 2449 648 2495 maiores,
692 2450 724 2486 si
762 2450 950 2500 integrum
993 2447 1166 2487 cubitum
1206 2447 1402 2488 Graecum
1440 2448 1591 2488 calculo
1632 2451 1904 2501 supponimus,
1947 2449 2046 2487 fiunt
2087 2455 2247 2489 numeri.

299 2515 366 2554 Sic
399 2517 517 2554 enim:

340 2591 442 2629 latus
464 2591 703 2631 fundamenti
726 2593 1030 2644 comprehendit:
1063 2593 1143 2633 450
1162 2593 1250 2633 cub.
1267 2608 1320 2646 gr.
1347 2612 1391 2628 =
1420 2593 1581 2641 663,02'
1597 2595 1719 2632 Rhen.
1749 2613 1791 2628 =
1821 2596 1967 2641 208‚09
1990 2597 2099 2634 metr.
2123 2597 2208 2648 gall.

340 2657 503 2698 altitudo
532 2660 715 2699 normalis
738 2663 856 2699 totius
882 2675 1030 2713 pyram.
1059 2663 1140 2700 300
1198 2685 1214 2691 -
1285 2686 1300 2690 -
1348 2680 1391 2695 =
1421 2660 1560 2709 442,OE
1650 2687 1665 2691 -
1749 2680 1793 2696 =
1826 2664 1971 2711 138‚73
2045 2689 2060 2693 —

342 2725 505 2766 altitudo
529 2727 714 2779 obliquae
736 2729 873 2767 frontis
889 2760 1028 2767 .............
1059 2729 1138 2770 375
1197 2752 1213 2757 -
1285 2752 1300 2758 -
1348 2747 1390 2763 =
1422 2731 1560 2777 552‚51
1652 2754 1667 2759 -
1753 2749 1794 2765 =
1830 2731 1972 2777 173,48
2046 2757 2060 2761 -

487 2814 582 2852 Mihi
619 2814 774 2865 quidem
811 2814 850 2853 hi
883 2817 1033 2853 numeri
1069 2816 1230 2867 propius
1267 2814 1316 2854 ad
1352 2818 1551 2856 veritatem
1588 2817 1776 2857 accedere
1805 2818 1995 2865 videntur,
2032 2821 2123 2869 quia
2161 2833 2250 2858 cum

299 2882 486 2923 Belzonii.
508 2894 690 2921 mensura
726 2882 863 2922 melius
901 2885 1135 2922 conveniunt
1170 2895 1244 2923 nec
1280 2885 1407 2923 minus
1445 2898 1532 2924 cum
1564 2885 1733 2925 Iomardi
1761 2889 1928 2925 numeris
1965 2886 2071 2933 (vide
2102 2892 2248 2940 supra),
