<?xml version="1.0" encoding="UTF-8"?>
<!DOCTYPE html PUBLIC "-//W3C//DTD XHTML 1.0 Transitional//EN"
    "http://www.w3.org/TR/xhtml1/DTD/xhtml1-transitional.dtd">
<html xmlns="http://www.w3.org/1999/xhtml" xml:lang="en" lang="en">
 <head>
  <title>
</title>
<meta http-equiv="Content-Type" content="text/html;charset=utf-8" />
  <meta name='ocr-system' content='tesseract 3.04.00' />
  <meta name='ocr-capabilities' content='ocr_page ocr_carea ocr_par ocr_line ocrx_word'/>
</head>
<body>
  <div class='ocr_page' id='page_1' title='image "./4769613_0020.png"; bbox 0 0 2572 3423; ppageno 0'>
   <div class='ocr_carea' id='block_1_1' title="bbox 1261 156 1317 198">
    <p class='ocr_par' dir='ltr' id='par_1_1' title="bbox 1261 156 1317 198">
     <span class='ocr_line' id='line_1_1' title="bbox 1261 156 1317 198; baseline 0 0"><span class='ocrx_word' id='word_1_1' title='bbox 1261 156 1317 198; x_wconf 80' lang='lat'><strong>12</strong></span> 
     </span>
    </p>
   </div>
   <div class='ocr_carea' id='block_1_2' title="bbox 1143 226 1430 241">
    <p class='ocr_par' dir='ltr' id='par_1_2' title="bbox 1143 226 1430 241">
     <span class='ocr_line' id='line_1_2' title="bbox 1143 226 1430 241; baseline 0 -1"><span class='ocrx_word' id='word_1_2' title='bbox 1143 226 1430 241; x_wconf 63' lang='lat' dir='ltr'><strong>mmmm</strong></span> 
     </span>
    </p>
   </div>
   <div class='ocr_carea' id='block_1_3' title="bbox 301 320 2264 2966">
    <p class='ocr_par' dir='ltr' id='par_1_3' title="bbox 307 320 2260 513">
     <span class='ocr_line' id='line_1_3' title="bbox 307 320 2260 373; baseline -0.001 -11"><span class='ocrx_word' id='word_1_3' title='bbox 307 323 446 363; x_wconf 83' lang='lat' dir='ltr'>addam</span> <span class='ocrx_word' id='word_1_4' title='bbox 475 324 606 364; x_wconf 88' lang='lat' dir='ltr'><strong>locum</strong></span> <span class='ocrx_word' id='word_1_5' title='bbox 633 324 695 370; x_wconf 88' lang='lat'><strong>111,</strong></span> <span class='ocrx_word' id='word_1_6' title='bbox 711 323 774 369; x_wconf 90' lang='lat'><strong>60,</strong></span> <span class='ocrx_word' id='word_1_7' title='bbox 804 321 873 361; x_wconf 93' lang='lat' dir='ltr'><strong>ubi</strong></span> <span class='ocrx_word' id='word_1_8' title='bbox 900 322 1046 360; x_wconf 85' lang='lat' dir='ltr'><strong>fossam</strong></span> <span class='ocrx_word' id='word_1_9' title='bbox 1074 322 1114 361; x_wconf 91' lang='lat' dir='ltr'><strong>in</strong></span> <span class='ocrx_word' id='word_1_10' title='bbox 1136 321 1255 360; x_wconf 92' lang='lat' dir='ltr'><strong>Samo</strong></span> <span class='ocrx_word' id='word_1_11' title='bbox 1284 320 1411 360; x_wconf 89' lang='lat' dir='ltr'><strong>insula</strong></span> <span class='ocrx_word' id='word_1_12' title='bbox 1439 334 1511 373; x_wconf 88' lang='lat' dir='ltr'><strong>per</strong></span> <span class='ocrx_word' id='word_1_13' title='bbox 1538 328 1708 361; x_wconf 90' lang='lat' dir='ltr'><strong>montem</strong></span> <span class='ocrx_word' id='word_1_14' title='bbox 1738 321 1892 361; x_wconf 92' lang='lat' dir='ltr'><strong>ductam</strong></span> <span class='ocrx_word' id='word_1_15' title='bbox 1922 322 2117 370; x_wconf 88' lang='lat' dir='ltr'>describit,</span> <span class='ocrx_word' id='word_1_16' title='bbox 2149 325 2260 361; x_wconf 88' lang='lat' dir='ltr'><strong>cuius</strong></span> 
     </span>
     <span class='ocr_line' id='line_1_4' title="bbox 307 388 2259 444; baseline -0.002 -11"><span class='ocrx_word' id='word_1_17' title='bbox 307 392 472 433; x_wconf 86' lang='lat' dir='ltr'>altitudo</span> <span class='ocrx_word' id='word_1_18' title='bbox 502 399 539 432; x_wconf 92' lang='lat' dir='ltr'><strong>et</strong></span> <span class='ocrx_word' id='word_1_19' title='bbox 571 390 736 431; x_wconf 91' lang='lat' dir='ltr'><strong>latitudo</strong></span> <span class='ocrx_word' id='word_1_20' title='bbox 766 391 882 430; x_wconf 77' lang='lat' dir='ltr'><strong>fuerit</strong></span> <span class='ocrx_word' id='word_1_21' title='bbox 918 388 1034 439; x_wconf 69' lang='lat' dir='ltr'><strong>„bn-ro)</strong></span> <span class='ocrx_word' id='word_1_22' title='bbox 1064 388 1226 444; x_wconf 62' lang='grc' dir='ltr'>ἑκάτερον</span> <span class='ocrx_word' id='word_1_23' title='bbox 1254 388 1378 434; x_wconf 67' lang='grc' dir='ltr'><strong><em>πόδες”</em></strong></span> <span class='ocrx_word' id='word_1_24' title='bbox 1416 397 1454 429; x_wconf 89' lang='lat' dir='ltr'><strong>et</strong></span> <span class='ocrx_word' id='word_1_25' title='bbox 1488 404 1576 430; x_wconf 90' lang='lat' dir='ltr'><strong>mox</strong></span> <span class='ocrx_word' id='word_1_26' title='bbox 1613 390 1898 443; x_wconf 81' lang='lat' dir='ltr'><strong>aquaeductum</strong></span> <span class='ocrx_word' id='word_1_27' title='bbox 1931 391 2076 431; x_wconf 86' lang='lat' dir='ltr'><strong>ibidem</strong></span> <span class='ocrx_word' id='word_1_28' title='bbox 2110 398 2259 430; x_wconf 83' lang='lat' dir='ltr'><strong>exstru-</strong></span> 
     </span>
     <span class='ocr_line' id='line_1_5' title="bbox 308 455 822 513; baseline -0.004 -13"><span class='ocrx_word' id='word_1_29' title='bbox 308 468 410 500; x_wconf 83' lang='lat' dir='ltr'><strong>ctum</strong></span> <span class='ocrx_word' id='word_1_30' title='bbox 438 458 599 512; x_wconf 58' lang='grc' dir='ltr'>»τρίπουν</span> <span class='ocrx_word' id='word_1_31' title='bbox 628 455 667 499; x_wconf 71' lang='grc' dir='ltr'><strong>’τό</strong></span> <span class='ocrx_word' id='word_1_32' title='bbox 694 456 822 513; x_wconf 77' lang='grc' dir='ltr'>εὖρος”.</span> 
     </span>
    </p>

    <p class='ocr_par' dir='ltr' id='par_1_4' title="bbox 306 526 2264 1195">
     <span class='ocr_line' id='line_1_6' title="bbox 497 526 2260 581; baseline -0.001 -14"><span class='ocrx_word' id='word_1_33' title='bbox 497 528 614 579; x_wconf 84' lang='lat' dir='ltr'><strong>Quae</strong></span> <span class='ocrx_word' id='word_1_34' title='bbox 650 531 779 567; x_wconf 89' lang='lat' dir='ltr'><strong>omnia</strong></span> <span class='ocrx_word' id='word_1_35' title='bbox 807 530 839 566; x_wconf 87' lang='lat' dir='ltr'><strong>si</strong></span> <span class='ocrx_word' id='word_1_36' title='bbox 868 536 995 567; x_wconf 91' lang='lat' dir='ltr'><strong>mente</strong></span> <span class='ocrx_word' id='word_1_37' title='bbox 1025 530 1167 579; x_wconf 89' lang='lat' dir='ltr'><strong>agitare</strong></span> <span class='ocrx_word' id='word_1_38' title='bbox 1196 530 1282 579; x_wconf 89' lang='lat' dir='ltr'><strong>quis</strong></span> <span class='ocrx_word' id='word_1_39' title='bbox 1310 527 1414 574; x_wconf 90' lang='lat' dir='ltr'><strong>velit,</strong></span> <span class='ocrx_word' id='word_1_40' title='bbox 1442 541 1524 566; x_wconf 90' lang='lat' dir='ltr'><strong>non</strong></span> <span class='ocrx_word' id='word_1_41' title='bbox 1553 527 1698 566; x_wconf 87' lang='lat' dir='ltr'><strong>diutius</strong></span> <span class='ocrx_word' id='word_1_42' title='bbox 1728 526 1930 576; x_wconf 88' lang='lat' dir='ltr'><strong>dubitabit,</strong></span> <span class='ocrx_word' id='word_1_43' title='bbox 1961 530 2066 579; x_wconf 90' lang='lat' dir='ltr'><strong>quin,</strong></span> <span class='ocrx_word' id='word_1_44' title='bbox 2096 527 2166 566; x_wconf 89' lang='lat' dir='ltr'><strong>ubi</strong></span> <span class='ocrx_word' id='word_1_45' title='bbox 2193 541 2260 581; x_wconf 91' lang='lat' dir='ltr'><strong>pe-</strong></span> 
     </span>
     <span class='ocr_line' id='line_1_7' title="bbox 307 594 2262 648; baseline 0 -12"><span class='ocrx_word' id='word_1_46' title='bbox 307 597 367 637; x_wconf 91' lang='lat' dir='ltr'><strong>dis</strong></span> <span class='ocrx_word' id='word_1_47' title='bbox 402 610 622 636; x_wconf 89' lang='lat' dir='ltr'><strong>mensuram</strong></span> <span class='ocrx_word' id='word_1_48' title='bbox 651 596 881 636; x_wconf 89' lang='lat' dir='ltr'><strong>Herodotus</strong></span> <span class='ocrx_word' id='word_1_49' title='bbox 918 602 1211 644; x_wconf 87' lang='lat' dir='ltr'><strong>commemoret,</strong></span> <span class='ocrx_word' id='word_1_50' title='bbox 1251 597 1397 636; x_wconf 87' lang='lat' dir='ltr'><strong>etiamsi</strong></span> <span class='ocrx_word' id='word_1_51' title='bbox 1431 609 1513 635; x_wconf 90' lang='lat' dir='ltr'><strong>non</strong></span> <span class='ocrx_word' id='word_1_52' title='bbox 1549 598 1718 636; x_wconf 90' lang='lat' dir='ltr'><strong>accurati</strong></span> <span class='ocrx_word' id='word_1_53' title='bbox 1755 594 1903 647; x_wconf 91' lang='lat' dir='ltr'><strong>ubique</strong></span> <span class='ocrx_word' id='word_1_54' title='bbox 1941 598 2185 648; x_wconf 86' lang='lat' dir='ltr'><strong>reperiantur</strong></span> <span class='ocrx_word' id='word_1_55' title='bbox 2224 602 2262 635; x_wconf 86' lang='lat' dir='ltr'><strong>et</strong></span> 
     </span>
     <span class='ocr_line' id='line_1_8' title="bbox 307 663 2262 717; baseline -0.001 -12"><span class='ocrx_word' id='word_1_56' title='bbox 307 666 478 705; x_wconf 89' lang='lat' dir='ltr'><strong>absoluti</strong></span> <span class='ocrx_word' id='word_1_57' title='bbox 506 667 666 712; x_wconf 90' lang='lat' dir='ltr'><strong>numeri,</strong></span> <span class='ocrx_word' id='word_1_58' title='bbox 697 672 802 704; x_wconf 88' lang='lat' dir='ltr'><strong>certa</strong></span> <span class='ocrx_word' id='word_1_59' title='bbox 830 671 957 703; x_wconf 87' lang='lat' dir='ltr'><strong>tamen</strong></span> <span class='ocrx_word' id='word_1_60' title='bbox 986 671 1025 703; x_wconf 93' lang='lat' dir='ltr'><strong>et</strong></span> <span class='ocrx_word' id='word_1_61' title='bbox 1050 664 1209 703; x_wconf 85' lang='lat' dir='ltr'><strong>definita</strong></span> <span class='ocrx_word' id='word_1_62' title='bbox 1238 664 1351 703; x_wconf 92' lang='lat' dir='ltr'><strong>huius</strong></span> <span class='ocrx_word' id='word_1_63' title='bbox 1380 677 1584 704; x_wconf 89' lang='lat' dir='ltr'><strong>mensurae</strong></span> <span class='ocrx_word' id='word_1_64' title='bbox 1614 665 1764 717; x_wconf 90' lang='lat' dir='ltr'><strong>species</strong></span> <span class='ocrx_word' id='word_1_65' title='bbox 1791 665 1873 703; x_wconf 87' lang='lat' dir='ltr'><strong>eius</strong></span> <span class='ocrx_word' id='word_1_66' title='bbox 1903 665 2031 704; x_wconf 92' lang='lat' dir='ltr'><strong>animo</strong></span> <span class='ocrx_word' id='word_1_67' title='bbox 2053 663 2262 704; x_wconf 89' lang='lat' dir='ltr'><strong>obversata</strong></span> 
     </span>
     <span class='ocr_line' id='line_1_9' title="bbox 308 732 2261 784; baseline -0.001 -12"><span class='ocrx_word' id='word_1_68' title='bbox 308 737 373 781; x_wconf 88' lang='lat' dir='ltr'><strong>sit,</strong></span> <span class='ocrx_word' id='word_1_69' title='bbox 409 747 485 784; x_wconf 89' lang='lat' dir='ltr'><strong>qua</strong></span> <span class='ocrx_word' id='word_1_70' title='bbox 521 732 710 780; x_wconf 86' lang='lat' dir='ltr'><strong>adhibita,</strong></span> <span class='ocrx_word' id='word_1_71' title='bbox 746 735 779 770; x_wconf 89' lang='lat' dir='ltr'><strong>si</strong></span> <span class='ocrx_word' id='word_1_72' title='bbox 813 746 930 783; x_wconf 86' lang='lat' dir='ltr'><strong>quam</strong></span> <span class='ocrx_word' id='word_1_73' title='bbox 958 732 1240 784; x_wconf 79' lang='lat' dir='ltr'><strong>longitudinem</strong></span> <span class='ocrx_word' id='word_1_74' title='bbox 1269 732 1429 783; x_wconf 88' lang='lat' dir='ltr'><strong>quando</strong></span> <span class='ocrx_word' id='word_1_75' title='bbox 1458 746 1539 772; x_wconf 90' lang='lat' dir='ltr'><strong>non</strong></span> <span class='ocrx_word' id='word_1_76' title='bbox 1567 733 1701 772; x_wconf 90' lang='lat' dir='ltr'><strong>liceret</strong></span> <span class='ocrx_word' id='word_1_77' title='bbox 1728 734 1871 780; x_wconf 88' lang='lat' dir='ltr'><strong>metiri,</strong></span> <span class='ocrx_word' id='word_1_78' title='bbox 1909 733 2146 772; x_wconf 88' lang='lat' dir='ltr'><strong>aestimando</strong></span> <span class='ocrx_word' id='word_1_79' title='bbox 2178 745 2261 771; x_wconf 87' lang='lat' dir='ltr'><strong>eam</strong></span> 
     </span>
     <span class='ocr_line' id='line_1_10' title="bbox 309 799 2262 852; baseline -0.001 -12"><span class='ocrx_word' id='word_1_80' title='bbox 309 808 561 852; x_wconf 83' lang='lat' dir='ltr'><strong>computaret.</strong></span> <span class='ocrx_word' id='word_1_81' title='bbox 622 801 753 851; x_wconf 87' lang='lat' dir='ltr'><strong>Atque</strong></span> <span class='ocrx_word' id='word_1_82' title='bbox 793 799 959 839; x_wconf 87' lang='lat' dir='ltr'><strong>eundem</strong></span> <span class='ocrx_word' id='word_1_83' title='bbox 998 800 1102 838; x_wconf 90' lang='lat' dir='ltr'><strong>hunc</strong></span> <span class='ocrx_word' id='word_1_84' title='bbox 1137 799 1278 851; x_wconf 88' lang='lat' dir='ltr'><strong>pedem</strong></span> <span class='ocrx_word' id='word_1_85' title='bbox 1316 813 1412 848; x_wconf 89' lang='lat' dir='ltr'><strong>esse,</strong></span> <span class='ocrx_word' id='word_1_86' title='bbox 1453 803 1521 851; x_wconf 93' lang='lat' dir='ltr'><strong>qui</strong></span> <span class='ocrx_word' id='word_1_87' title='bbox 1558 814 1640 839; x_wconf 92' lang='lat' dir='ltr'><strong>non</strong></span> <span class='ocrx_word' id='word_1_88' title='bbox 1678 800 1807 838; x_wconf 90' lang='lat' dir='ltr'><strong>solum</strong></span> <span class='ocrx_word' id='word_1_89' title='bbox 1846 802 1885 837; x_wconf 90' lang='lat' dir='ltr'><strong>in</strong></span> <span class='ocrx_word' id='word_1_90' title='bbox 1922 799 2090 839; x_wconf 87' lang='lat' dir='ltr'><strong>Graecia</strong></span> <span class='ocrx_word' id='word_1_91' title='bbox 2126 814 2262 838; x_wconf 90' lang='lat' dir='ltr'><strong>verum</strong></span> 
     </span>
     <span class='ocr_line' id='line_1_11' title="bbox 308 867 2264 921; baseline -0.001 -12"><span class='ocrx_word' id='word_1_92' title='bbox 308 870 420 909; x_wconf 91' lang='lat' dir='ltr'><strong>etiam</strong></span> <span class='ocrx_word' id='word_1_93' title='bbox 448 870 488 908; x_wconf 91' lang='lat' dir='ltr'><strong>in</strong></span> <span class='ocrx_word' id='word_1_94' title='bbox 516 869 610 908; x_wconf 87' lang='lat' dir='ltr'><strong>Asia</strong></span> <span class='ocrx_word' id='word_1_95' title='bbox 639 867 851 915; x_wconf 87' lang='lat' dir='ltr'><strong>obtinebat,</strong></span> <span class='ocrx_word' id='word_1_96' title='bbox 881 881 1011 920; x_wconf 90' lang='lat' dir='ltr'><strong>neque</strong></span> <span class='ocrx_word' id='word_1_97' title='bbox 1040 867 1287 907; x_wconf 87' lang='lat' dir='ltr'><strong>statuendum</strong></span> <span class='ocrx_word' id='word_1_98' title='bbox 1317 881 1402 908; x_wconf 90' lang='lat' dir='ltr'><strong>esse</strong></span> <span class='ocrx_word' id='word_1_99' title='bbox 1430 868 1678 908; x_wconf 87' lang='lat' dir='ltr'><strong>Herodotum</strong></span> <span class='ocrx_word' id='word_1_100' title='bbox 1708 883 1754 908; x_wconf 89' lang='lat' dir='ltr'><strong>ex</strong></span> <span class='ocrx_word' id='word_1_101' title='bbox 1784 867 1918 908; x_wconf 92' lang='lat' dir='ltr'><strong>cubito</strong></span> <span class='ocrx_word' id='word_1_102' title='bbox 1946 870 2093 908; x_wconf 91' lang='lat' dir='ltr'><strong>maiore</strong></span> <span class='ocrx_word' id='word_1_103' title='bbox 2121 867 2264 921; x_wconf 91' lang='lat' dir='ltr'><strong>pedem</strong></span> 
     </span>
     <span class='ocr_line' id='line_1_12' title="bbox 306 935 2262 991; baseline -0.002 -13"><span class='ocrx_word' id='word_1_104' title='bbox 306 952 419 978; x_wconf 88' lang='lat' dir='ltr'><strong>suum</strong></span> <span class='ocrx_word' id='word_1_105' title='bbox 449 937 674 984; x_wconf 80' lang='lat' dir='ltr'><strong>deduxisse,</strong></span> <span class='ocrx_word' id='word_1_106' title='bbox 707 944 750 976; x_wconf 92' lang='lat' dir='ltr'><strong>ut</strong></span> <span class='ocrx_word' id='word_1_107' title='bbox 780 943 880 976; x_wconf 88' lang='lat' dir='ltr'><strong>esset</strong></span> <span class='ocrx_word' id='word_1_108' title='bbox 908 937 942 990; x_wconf 60' lang='grc' dir='ltr'><strong><em>ξ</em></strong></span> <span class='ocrx_word' id='word_1_109' title='bbox 972 937 1088 988; x_wconf 90' lang='lat' dir='ltr'><strong>hujus</strong></span> <span class='ocrx_word' id='word_1_110' title='bbox 1119 936 1250 984; x_wconf 89' lang='lat' dir='ltr'><strong>cubiti,</strong></span> <span class='ocrx_word' id='word_1_111' title='bbox 1287 939 1362 975; x_wconf 90' lang='lat' dir='ltr'><strong>iam</strong></span> <span class='ocrx_word' id='word_1_112' title='bbox 1397 936 1489 976; x_wconf 89' lang='lat' dir='ltr'><strong>inde</strong></span> <span class='ocrx_word' id='word_1_113' title='bbox 1518 944 1698 991; x_wconf 84' lang='lat' dir='ltr'><strong>apparet,</strong></span> <span class='ocrx_word' id='word_1_114' title='bbox 1738 936 1847 991; x_wconf 93' lang='lat' dir='ltr'><strong>quod</strong></span> <span class='ocrx_word' id='word_1_115' title='bbox 1875 938 1920 986; x_wconf 88' lang='lat'><strong>11,</strong></span> <span class='ocrx_word' id='word_1_116' title='bbox 1946 937 2021 978; x_wconf 87' lang='grc'><strong>149</strong></span> <span class='ocrx_word' id='word_1_117' title='bbox 2052 950 2140 977; x_wconf 90' lang='lat' dir='ltr'><strong>eum</strong></span> <span class='ocrx_word' id='word_1_118' title='bbox 2169 935 2262 975; x_wconf 89' lang='lat' dir='ltr'><strong>dicit</strong></span> 
     </span>
     <span class='ocr_line' id='line_1_13' title="bbox 307 1005 2261 1058; baseline -0.001 -12"><span class='ocrx_word' id='word_1_119' title='bbox 307 1021 393 1046; x_wconf 88' lang='lat' dir='ltr'><strong>esse</strong></span> <span class='ocrx_word' id='word_1_120' title='bbox 423 1006 534 1046; x_wconf 89' lang='lat' dir='ltr'><strong>stadii</strong></span> <span class='ocrx_word' id='word_1_121' title='bbox 563 1008 876 1046; x_wconf 85' lang='lat' dir='ltr'><strong>sexcentesimam</strong></span> <span class='ocrx_word' id='word_1_122' title='bbox 904 1012 1063 1057; x_wconf 87' lang='lat' dir='ltr'><strong>partem.</strong></span> <span class='ocrx_word' id='word_1_123' title='bbox 1107 1005 1283 1045; x_wconf 91' lang='lat' dir='ltr'><strong>Stadium</strong></span> <span class='ocrx_word' id='word_1_124' title='bbox 1312 1013 1440 1045; x_wconf 87' lang='lat' dir='ltr'><strong>autem</strong></span> <span class='ocrx_word' id='word_1_125' title='bbox 1468 1019 1518 1045; x_wconf 89' lang='lat' dir='ltr'><strong>ne</strong></span> <span class='ocrx_word' id='word_1_126' title='bbox 1547 1009 1574 1045; x_wconf 92' lang='lat' dir='ltr'><strong>ii</strong></span> <span class='ocrx_word' id='word_1_127' title='bbox 1603 1007 1771 1057; x_wconf 89' lang='lat' dir='ltr'><strong>quidem,</strong></span> <span class='ocrx_word' id='word_1_128' title='bbox 1801 1009 1868 1058; x_wconf 90' lang='lat' dir='ltr'><strong>qui</strong></span> <span class='ocrx_word' id='word_1_129' title='bbox 1897 1007 2157 1046; x_wconf 86' lang='lat' dir='ltr'><strong>diversitatem</strong></span> <span class='ocrx_word' id='word_1_130' title='bbox 2186 1013 2261 1045; x_wconf 90' lang='lat' dir='ltr'><strong>sta-</strong></span> 
     </span>
     <span class='ocr_line' id='line_1_14' title="bbox 307 1073 2260 1126; baseline 0 -12"><span class='ocrx_word' id='word_1_131' title='bbox 307 1074 460 1114; x_wconf 88' lang='lat' dir='ltr'><strong>diorum</strong></span> <span class='ocrx_word' id='word_1_132' title='bbox 501 1076 583 1113; x_wconf 88' lang='lat' dir='ltr'><strong>sive</strong></span> <span class='ocrx_word' id='word_1_133' title='bbox 618 1076 849 1113; x_wconf 88' lang='lat' dir='ltr'><strong>invenerunt</strong></span> <span class='ocrx_word' id='word_1_134' title='bbox 878 1075 960 1113; x_wconf 88' lang='lat' dir='ltr'><strong>sive</strong></span> <span class='ocrx_word' id='word_1_135' title='bbox 989 1073 1263 1122; x_wconf 85' lang='lat' dir='ltr'><strong>defenderunt,</strong></span> <span class='ocrx_word' id='word_1_136' title='bbox 1308 1074 1431 1114; x_wconf 93' lang='lat' dir='ltr'><strong>ullum</strong></span> <span class='ocrx_word' id='word_1_137' title='bbox 1466 1088 1639 1126; x_wconf 89' lang='lat' dir='ltr'><strong>unquam</strong></span> <span class='ocrx_word' id='word_1_138' title='bbox 1668 1074 1846 1114; x_wconf 87' lang='lat' dir='ltr'><strong>dixerunt</strong></span> <span class='ocrx_word' id='word_1_139' title='bbox 1873 1075 2009 1122; x_wconf 85' lang='lat' dir='ltr'><strong>fuisse,</strong></span> <span class='ocrx_word' id='word_1_140' title='bbox 2039 1074 2149 1126; x_wconf 92' lang='lat' dir='ltr'><strong>quod</strong></span> <span class='ocrx_word' id='word_1_141' title='bbox 2177 1088 2260 1113; x_wconf 84' lang='lat' dir='ltr'><strong>sex—</strong></span> 
     </span>
     <span class='ocr_line' id='line_1_15' title="bbox 306 1141 1855 1195; baseline 0 -13"><span class='ocrx_word' id='word_1_142' title='bbox 306 1145 425 1182; x_wconf 89' lang='lat' dir='ltr'><strong>centis</strong></span> <span class='ocrx_word' id='word_1_143' title='bbox 453 1142 624 1195; x_wconf 89' lang='lat' dir='ltr'><strong>pedibus</strong></span> <span class='ocrx_word' id='word_1_144' title='bbox 652 1141 877 1189; x_wconf 90' lang='lat' dir='ltr'><strong>maioribus,</strong></span> <span class='ocrx_word' id='word_1_145' title='bbox 906 1144 989 1180; x_wconf 91' lang='lat' dir='ltr'><strong>sive</strong></span> <span class='ocrx_word' id='word_1_146' title='bbox 1019 1141 1308 1195; x_wconf 81' lang='lat' dir='ltr'><strong>quadringentis</strong></span> <span class='ocrx_word' id='word_1_147' title='bbox 1338 1143 1477 1182; x_wconf 91' lang='lat' dir='ltr'><strong>cubitis</strong></span> <span class='ocrx_word' id='word_1_148' title='bbox 1505 1145 1619 1195; x_wconf 88' lang='lat' dir='ltr'><strong>regiis</strong></span> <span class='ocrx_word' id='word_1_149' title='bbox 1649 1150 1855 1182; x_wconf 88' lang='lat' dir='ltr'><strong>constaret.</strong></span> 
     </span>
    </p>

    <p class='ocr_par' dir='ltr' id='par_1_5' title="bbox 303 1210 2262 1603">
     <span class='ocr_line' id='line_1_16' title="bbox 493 1210 2261 1264; baseline 0 -15"><span class='ocrx_word' id='word_1_150' title='bbox 493 1212 553 1250; x_wconf 86' lang='lat' dir='ltr'><strong>Ex</strong></span> <span class='ocrx_word' id='word_1_151' title='bbox 582 1210 735 1250; x_wconf 89' lang='lat' dir='ltr'><strong>duabus</strong></span> <span class='ocrx_word' id='word_1_152' title='bbox 764 1212 810 1249; x_wconf 90' lang='lat' dir='ltr'><strong>iis</strong></span> <span class='ocrx_word' id='word_1_153' title='bbox 838 1212 1039 1258; x_wconf 75' lang='lat' dir='ltr'><strong>mensuris,</strong></span> <span class='ocrx_word' id='word_1_154' title='bbox 1068 1224 1170 1262; x_wconf 89' lang='lat' dir='ltr'><strong>quae</strong></span> <span class='ocrx_word' id='word_1_155' title='bbox 1199 1218 1289 1250; x_wconf 89' lang='lat' dir='ltr'><strong>sunt</strong></span> <span class='ocrx_word' id='word_1_156' title='bbox 1316 1213 1415 1250; x_wconf 88' lang='lat' dir='ltr'><strong>inter</strong></span> <span class='ocrx_word' id='word_1_157' title='bbox 1442 1211 1582 1263; x_wconf 90' lang='lat' dir='ltr'><strong>pedem</strong></span> <span class='ocrx_word' id='word_1_158' title='bbox 1611 1219 1649 1250; x_wconf 92' lang='lat' dir='ltr'><strong>et</strong></span> <span class='ocrx_word' id='word_1_159' title='bbox 1678 1211 1851 1250; x_wconf 91' lang='lat' dir='ltr'><strong>cubitum</strong></span> <span class='ocrx_word' id='word_1_160' title='bbox 1880 1210 2034 1264; x_wconf 63' lang='grc' dir='ltr'>(πυγμαί</span> <span class='ocrx_word' id='word_1_161' title='bbox 2059 1230 2102 1245; x_wconf 95' lang='lat'>=</span> <span class='ocrx_word' id='word_1_162' title='bbox 2135 1213 2182 1249; x_wconf 82' lang='lat'><strong>18</strong></span> <span class='ocrx_word' id='word_1_163' title='bbox 2204 1210 2261 1249; x_wconf 90' lang='lat' dir='ltr'><strong>di-</strong></span> 
     </span>
     <span class='ocr_line' id='line_1_17' title="bbox 306 1276 2260 1332; baseline 0 -15"><span class='ocrx_word' id='word_1_164' title='bbox 306 1281 411 1331; x_wconf 82' lang='lat' dir='ltr'><strong>gitis,</strong></span> <span class='ocrx_word' id='word_1_165' title='bbox 449 1286 488 1317; x_wconf 90' lang='lat' dir='ltr'><strong>et</strong></span> <span class='ocrx_word' id='word_1_166' title='bbox 523 1276 649 1331; x_wconf 72' lang='grc' dir='ltr'><strong>πυγών</strong></span> <span class='ocrx_word' id='word_1_167' title='bbox 676 1296 719 1313; x_wconf 89' lang='lat'><strong><em>=</em></strong></span> <span class='ocrx_word' id='word_1_168' title='bbox 750 1281 801 1317; x_wconf 92' lang='lat'><strong>20</strong></span> <span class='ocrx_word' id='word_1_169' title='bbox 822 1278 966 1331; x_wconf 83' lang='lat' dir='ltr'><strong>digitis)</strong></span> <span class='ocrx_word' id='word_1_170' title='bbox 995 1279 1153 1318; x_wconf 92' lang='lat' dir='ltr'><strong>alteram</strong></span> <span class='ocrx_word' id='word_1_171' title='bbox 1181 1285 1345 1328; x_wconf 87' lang='lat' dir='ltr'><strong>tantum,</strong></span> <span class='ocrx_word' id='word_1_172' title='bbox 1381 1277 1541 1332; x_wconf 75' lang='grc' dir='ltr'>πυγόνοι,</span> <span class='ocrx_word' id='word_1_173' title='bbox 1580 1279 1699 1319; x_wconf 88' lang='lat' dir='ltr'><strong>semel</strong></span> <span class='ocrx_word' id='word_1_174' title='bbox 1728 1279 1840 1318; x_wconf 81' lang='lat' dir='ltr'><strong>affert</strong></span> <span class='ocrx_word' id='word_1_175' title='bbox 1867 1278 2096 1318; x_wconf 84' lang='lat' dir='ltr'><strong>Herodotus</strong></span> <span class='ocrx_word' id='word_1_176' title='bbox 2124 1280 2164 1318; x_wconf 89' lang='lat' dir='ltr'><strong>in</strong></span> <span class='ocrx_word' id='word_1_177' title='bbox 2193 1277 2260 1317; x_wconf 90' lang='lat' dir='ltr'><strong>de-</strong></span> 
     </span>
     <span class='ocr_line' id='line_1_18' title="bbox 307 1346 2262 1399; baseline 0.001 -13"><span class='ocrx_word' id='word_1_178' title='bbox 307 1346 515 1386; x_wconf 89' lang='lat' dir='ltr'><strong>scribenda</strong></span> <span class='ocrx_word' id='word_1_179' title='bbox 543 1346 663 1386; x_wconf 91' lang='lat' dir='ltr'><strong>domo</strong></span> <span class='ocrx_word' id='word_1_180' title='bbox 694 1360 810 1398; x_wconf 90' lang='lat' dir='ltr'><strong>quam</strong></span> <span class='ocrx_word' id='word_1_181' title='bbox 839 1361 886 1386; x_wconf 88' lang='lat' dir='ltr'><strong>ex</strong></span> <span class='ocrx_word' id='word_1_182' title='bbox 915 1361 996 1386; x_wconf 93' lang='lat' dir='ltr'><strong>uno</strong></span> <span class='ocrx_word' id='word_1_183' title='bbox 1025 1347 1156 1399; x_wconf 90' lang='lat' dir='ltr'><strong>lapide</strong></span> <span class='ocrx_word' id='word_1_184' title='bbox 1186 1349 1355 1386; x_wconf 77' lang='lat' dir='ltr'><strong>confecit</strong></span> <span class='ocrx_word' id='word_1_185' title='bbox 1382 1349 1533 1386; x_wconf 89' lang='lat' dir='ltr'><strong>Amasis</strong></span> <span class='ocrx_word' id='word_1_186' title='bbox 1563 1348 1766 1397; x_wconf 86' lang='lat'><strong>(11‚165),</strong></span> <span class='ocrx_word' id='word_1_187' title='bbox 1795 1348 1864 1386; x_wconf 92' lang='lat' dir='ltr'><strong>ubi</strong></span> <span class='ocrx_word' id='word_1_188' title='bbox 1898 1348 2020 1386; x_wconf 88' lang='lat' dir='ltr'><strong>verba</strong></span> <span class='ocrx_word' id='word_1_189' title='bbox 2053 1354 2160 1385; x_wconf 88' lang='lat' dir='ltr'><strong>sunt:</strong></span> <span class='ocrx_word' id='word_1_190' title='bbox 2198 1346 2262 1393; x_wconf 67' lang='lat'><strong>„78</strong></span> 
     </span>
     <span class='ocr_line' id='line_1_19' title="bbox 303 1411 2261 1468; baseline 0 -14"><span class='ocrx_word' id='word_1_191' title='bbox 303 1416 422 1467; x_wconf 66' lang='grc' dir='ltr'>μῆκος</span> <span class='ocrx_word' id='word_1_192' title='bbox 449 1413 697 1455; x_wconf 66' lang='grc' dir='ltr'><strong>ὀκτωκαίδεκα.</strong></span> <span class='ocrx_word' id='word_1_193' title='bbox 726 1413 873 1465; x_wconf 68' lang='grc' dir='ltr'>πηχέων</span> <span class='ocrx_word' id='word_1_194' title='bbox 901 1412 964 1454; x_wconf 68' lang='grc' dir='ltr'><strong>καὶ</strong></span> <span class='ocrx_word' id='word_1_195' title='bbox 994 1411 1147 1468; x_wconf 64' lang='grc' dir='ltr'>πυγόνος</span> <span class='ocrx_word' id='word_1_196' title='bbox 1174 1433 1209 1454; x_wconf 90' lang='grc' dir='ltr'><strong>κ.</strong></span> <span class='ocrx_word' id='word_1_197' title='bbox 1223 1431 1254 1455; x_wconf 88' lang='grc' dir='ltr'><strong>τ.</strong></span> <span class='ocrx_word' id='word_1_198' title='bbox 1274 1416 1335 1455; x_wconf 84' lang='grc' dir='ltr'><strong>λ.”</strong></span> <span class='ocrx_word' id='word_1_199' title='bbox 1390 1415 1471 1455; x_wconf 85' lang='lat' dir='ltr'><strong>Sed</strong></span> <span class='ocrx_word' id='word_1_200' title='bbox 1501 1417 1592 1466; x_wconf 88' lang='lat' dir='ltr'><strong>quia</strong></span> <span class='ocrx_word' id='word_1_201' title='bbox 1621 1417 1749 1455; x_wconf 84' lang='lat' dir='ltr'><strong>omnia</strong></span> <span class='ocrx_word' id='word_1_202' title='bbox 1777 1414 1832 1455; x_wconf 89' lang='lat' dir='ltr'><strong>ibi</strong></span> <span class='ocrx_word' id='word_1_203' title='bbox 1862 1429 1884 1455; x_wconf 88' lang='lat' dir='ltr'><strong>e</strong></span> <span class='ocrx_word' id='word_1_204' title='bbox 1913 1415 2048 1455; x_wconf 89' lang='lat' dir='ltr'><strong>cubito</strong></span> <span class='ocrx_word' id='word_1_205' title='bbox 2079 1414 2261 1468; x_wconf 85' lang='lat' dir='ltr'><strong>pendent,</strong></span> 
     </span>
     <span class='ocr_line' id='line_1_20' title="bbox 305 1481 2260 1535; baseline -0.001 -13"><span class='ocrx_word' id='word_1_206' title='bbox 305 1483 354 1523; x_wconf 89' lang='lat' dir='ltr'><strong>de</strong></span> <span class='ocrx_word' id='word_1_207' title='bbox 388 1484 460 1521; x_wconf 89' lang='lat' dir='ltr'><strong>hac</strong></span> <span class='ocrx_word' id='word_1_208' title='bbox 495 1495 538 1521; x_wconf 91' lang='lat' dir='ltr'><strong>re</strong></span> <span class='ocrx_word' id='word_1_209' title='bbox 573 1489 655 1521; x_wconf 90' lang='lat' dir='ltr'><strong>tum</strong></span> <span class='ocrx_word' id='word_1_210' title='bbox 684 1482 838 1521; x_wconf 91' lang='lat' dir='ltr'><strong>demum</strong></span> <span class='ocrx_word' id='word_1_211' title='bbox 867 1481 1042 1521; x_wconf 89' lang='lat' dir='ltr'><strong>dicturus</strong></span> <span class='ocrx_word' id='word_1_212' title='bbox 1072 1496 1157 1522; x_wconf 89' lang='lat' dir='ltr'><strong>sum</strong></span> <span class='ocrx_word' id='word_1_213' title='bbox 1187 1496 1274 1521; x_wconf 93' lang='lat' dir='ltr'><strong>cum</strong></span> <span class='ocrx_word' id='word_1_214' title='bbox 1303 1484 1343 1522; x_wconf 92' lang='lat' dir='ltr'><strong>in</strong></span> <span class='ocrx_word' id='word_1_215' title='bbox 1371 1482 1646 1535; x_wconf 88' lang='lat' dir='ltr'><strong>sequentibus,</strong></span> <span class='ocrx_word' id='word_1_216' title='bbox 1683 1482 1751 1522; x_wconf 91' lang='lat' dir='ltr'><strong>ubi</strong></span> <span class='ocrx_word' id='word_1_217' title='bbox 1780 1482 1830 1523; x_wconf 87' lang='lat' dir='ltr'><strong>de</strong></span> <span class='ocrx_word' id='word_1_218' title='bbox 1859 1483 1993 1523; x_wconf 91' lang='lat' dir='ltr'><strong>cubito</strong></span> <span class='ocrx_word' id='word_1_219' title='bbox 2024 1490 2174 1535; x_wconf 84' lang='lat' dir='ltr'><strong>agetur,</strong></span> <span class='ocrx_word' id='word_1_220' title='bbox 2211 1481 2260 1521; x_wconf 92' lang='lat' dir='ltr'><strong>ad</strong></span> 
     </span>
     <span class='ocr_line' id='line_1_21' title="bbox 303 1550 1100 1603; baseline 0 -13"><span class='ocrx_word' id='word_1_221' title='bbox 303 1552 406 1591; x_wconf 90' lang='lat' dir='ltr'><strong>hunc</strong></span> <span class='ocrx_word' id='word_1_222' title='bbox 436 1551 569 1590; x_wconf 89' lang='lat' dir='ltr'><strong>locum</strong></span> <span class='ocrx_word' id='word_1_223' title='bbox 598 1550 840 1590; x_wconf 85' lang='lat' dir='ltr'><strong>tractandum</strong></span> <span class='ocrx_word' id='word_1_224' title='bbox 870 1565 1100 1603; x_wconf 88' lang='lat' dir='ltr'><strong>pervenero.</strong></span> 
     </span>
    </p>

    <p class='ocr_par' dir='ltr' id='par_1_6' title="bbox 301 1619 2259 2966">
     <span class='ocr_line' id='line_1_22' title="bbox 493 1619 2258 1674; baseline 0 -15"><span class='ocrx_word' id='word_1_225' title='bbox 493 1620 573 1659; x_wconf 92' lang='lat' dir='ltr'><strong>Iam</strong></span> <span class='ocrx_word' id='word_1_226' title='bbox 592 1633 688 1659; x_wconf 87' lang='lat' dir='ltr'><strong>vero</strong></span> <span class='ocrx_word' id='word_1_227' title='bbox 708 1619 816 1660; x_wconf 87' lang='lat' dir='ltr'><strong>nulla</strong></span> <span class='ocrx_word' id='word_1_228' title='bbox 835 1627 893 1660; x_wconf 91' lang='lat' dir='ltr'><strong>est</strong></span> <span class='ocrx_word' id='word_1_229' title='bbox 911 1622 1012 1660; x_wconf 89' lang='lat' dir='ltr'><strong>inter</strong></span> <span class='ocrx_word' id='word_1_230' title='bbox 1030 1622 1200 1660; x_wconf 91' lang='lat' dir='ltr'><strong>minores</strong></span> <span class='ocrx_word' id='word_1_231' title='bbox 1219 1634 1429 1670; x_wconf 87' lang='lat' dir='ltr'><strong>mensuras,</strong></span> <span class='ocrx_word' id='word_1_232' title='bbox 1458 1634 1537 1674; x_wconf 89' lang='lat' dir='ltr'><strong>qua</strong></span> <span class='ocrx_word' id='word_1_233' title='bbox 1555 1622 1710 1674; x_wconf 86' lang='lat' dir='ltr'><strong>saepius</strong></span> <span class='ocrx_word' id='word_1_234' title='bbox 1730 1627 1861 1661; x_wconf 89' lang='lat' dir='ltr'><strong>utatur</strong></span> <span class='ocrx_word' id='word_1_235' title='bbox 1880 1620 2121 1668; x_wconf 83' lang='lat' dir='ltr'><strong>Herodotus,</strong></span> <span class='ocrx_word' id='word_1_236' title='bbox 2144 1634 2258 1672; x_wconf 87' lang='lat' dir='ltr'><strong>quam</strong></span> 
     </span>
     <span class='ocr_line' id='line_1_23' title="bbox 304 1688 2259 1741; baseline -0.001 -13"><span class='ocrx_word' id='word_1_237' title='bbox 304 1688 470 1736; x_wconf 87' lang='lat' dir='ltr'><strong>cubitus,</strong></span> <span class='ocrx_word' id='word_1_238' title='bbox 503 1690 640 1739; x_wconf 71' lang='grc' dir='ltr'>πῆχυς,</span> <span class='ocrx_word' id='word_1_239' title='bbox 671 1691 782 1728; x_wconf 89' lang='lat' dir='ltr'><strong>cuius</strong></span> <span class='ocrx_word' id='word_1_240' title='bbox 810 1690 962 1741; x_wconf 85' lang='lat' dir='ltr'><strong>triginta</strong></span> <span class='ocrx_word' id='word_1_241' title='bbox 991 1688 1149 1728; x_wconf 88' lang='lat' dir='ltr'><strong>duobus</strong></span> <span class='ocrx_word' id='word_1_242' title='bbox 1179 1689 1277 1728; x_wconf 90' lang='lat' dir='ltr'><strong>locis</strong></span> <span class='ocrx_word' id='word_1_243' title='bbox 1306 1691 1540 1729; x_wconf 91' lang='lat' dir='ltr'><strong>mentionem</strong></span> <span class='ocrx_word' id='word_1_244' title='bbox 1569 1690 1708 1728; x_wconf 83' lang='lat' dir='ltr'><strong>factam</strong></span> <span class='ocrx_word' id='word_1_245' title='bbox 1737 1691 1986 1728; x_wconf 87' lang='lat' dir='ltr'><strong>inveniamus.</strong></span> <span class='ocrx_word' id='word_1_246' title='bbox 2043 1689 2143 1728; x_wconf 91' lang='lat' dir='ltr'><strong>Sunt</strong></span> <span class='ocrx_word' id='word_1_247' title='bbox 2173 1690 2259 1740; x_wconf 89' lang='lat' dir='ltr'><strong>qui-</strong></span> 
     </span>
     <span class='ocr_line' id='line_1_24' title="bbox 304 1755 2258 1809; baseline 0 -14"><span class='ocrx_word' id='word_1_248' title='bbox 304 1757 393 1795; x_wconf 91' lang='lat' dir='ltr'><strong>dem</strong></span> <span class='ocrx_word' id='word_1_249' title='bbox 412 1770 548 1795; x_wconf 89' lang='lat' dir='ltr'><strong>eorum</strong></span> <span class='ocrx_word' id='word_1_250' title='bbox 575 1756 766 1804; x_wconf 90' lang='lat' dir='ltr'><strong>nonnulli,</strong></span> <span class='ocrx_word' id='word_1_251' title='bbox 796 1759 864 1808; x_wconf 92' lang='lat' dir='ltr'><strong>qui</strong></span> <span class='ocrx_word' id='word_1_252' title='bbox 892 1759 982 1796; x_wconf 90' lang='lat' dir='ltr'><strong>satis</strong></span> <span class='ocrx_word' id='word_1_253' title='bbox 1012 1764 1145 1809; x_wconf 89' lang='lat' dir='ltr'><strong>aperte</strong></span> <span class='ocrx_word' id='word_1_254' title='bbox 1165 1758 1441 1805; x_wconf 90' lang='lat' dir='ltr'><strong>demonstrent,</strong></span> <span class='ocrx_word' id='word_1_255' title='bbox 1471 1765 1613 1796; x_wconf 90' lang='lat' dir='ltr'><strong>certam</strong></span> <span class='ocrx_word' id='word_1_256' title='bbox 1642 1764 1680 1795; x_wconf 91' lang='lat' dir='ltr'><strong>et</strong></span> <span class='ocrx_word' id='word_1_257' title='bbox 1700 1757 1898 1796; x_wconf 83' lang='lat' dir='ltr'><strong>definitam</strong></span> <span class='ocrx_word' id='word_1_258' title='bbox 1924 1770 2141 1796; x_wconf 88' lang='lat' dir='ltr'><strong>mensuram</strong></span> <span class='ocrx_word' id='word_1_259' title='bbox 2169 1755 2258 1795; x_wconf 88' lang='lat' dir='ltr'><strong>red-</strong></span> 
     </span>
     <span class='ocr_line' id='line_1_25' title="bbox 304 1823 2259 1877; baseline -0.001 -14"><span class='ocrx_word' id='word_1_260' title='bbox 304 1823 397 1864; x_wconf 89' lang='lat' dir='ltr'><strong>dere</strong></span> <span class='ocrx_word' id='word_1_261' title='bbox 425 1824 479 1863; x_wconf 92' lang='lat' dir='ltr'><strong>ibi</strong></span> <span class='ocrx_word' id='word_1_262' title='bbox 507 1824 681 1864; x_wconf 88' lang='lat' dir='ltr'><strong>noluisse</strong></span> <span class='ocrx_word' id='word_1_263' title='bbox 709 1832 904 1874; x_wconf 89' lang='lat' dir='ltr'><strong>nostrum,</strong></span> <span class='ocrx_word' id='word_1_264' title='bbox 941 1840 1056 1877; x_wconf 91' lang='lat' dir='ltr'><strong>quam</strong></span> <span class='ocrx_word' id='word_1_265' title='bbox 1092 1825 1146 1865; x_wconf 92' lang='lat' dir='ltr'><strong>ob</strong></span> <span class='ocrx_word' id='word_1_266' title='bbox 1175 1839 1257 1864; x_wconf 91' lang='lat' dir='ltr'><strong>rem</strong></span> <span class='ocrx_word' id='word_1_267' title='bbox 1291 1828 1464 1877; x_wconf 91' lang='lat' dir='ltr'><strong>ineptum</strong></span> <span class='ocrx_word' id='word_1_268' title='bbox 1494 1826 1584 1864; x_wconf 91' lang='lat' dir='ltr'><strong>mihi</strong></span> <span class='ocrx_word' id='word_1_269' title='bbox 1616 1838 1698 1864; x_wconf 90' lang='lat' dir='ltr'><strong>non</strong></span> <span class='ocrx_word' id='word_1_270' title='bbox 1726 1825 1898 1873; x_wconf 90' lang='lat' dir='ltr'><strong>videtur,</strong></span> <span class='ocrx_word' id='word_1_271' title='bbox 1935 1827 2061 1864; x_wconf 89' lang='lat' dir='ltr'><strong>statim</strong></span> <span class='ocrx_word' id='word_1_272' title='bbox 2087 1824 2259 1863; x_wconf 88' lang='lat' dir='ltr'><strong>breviter</strong></span> 
     </span>
     <span class='ocr_line' id='line_1_26' title="bbox 304 1891 2258 1947; baseline -0.001 -14"><span class='ocrx_word' id='word_1_273' title='bbox 304 1906 373 1933; x_wconf 91' lang='lat' dir='ltr'><strong>eos</strong></span> <span class='ocrx_word' id='word_1_274' title='bbox 402 1891 620 1933; x_wconf 89' lang='lat' dir='ltr'><strong>absolvere.</strong></span> <span class='ocrx_word' id='word_1_275' title='bbox 675 1893 816 1933; x_wconf 84' lang='lat' dir='ltr'><strong>Narrat</strong></span> <span class='ocrx_word' id='word_1_276' title='bbox 844 1894 873 1942; x_wconf 89' lang='lat'><strong>1,</strong></span> <span class='ocrx_word' id='word_1_277' title='bbox 895 1894 944 1933; x_wconf 88' lang='lat'><strong>68</strong></span> <span class='ocrx_word' id='word_1_278' title='bbox 976 1900 1130 1943; x_wconf 88' lang='lat' dir='ltr'><strong>auctor,</strong></span> <span class='ocrx_word' id='word_1_279' title='bbox 1161 1895 1315 1947; x_wconf 90' lang='lat' dir='ltr'><strong>Tegeae</strong></span> <span class='ocrx_word' id='word_1_280' title='bbox 1350 1896 1548 1933; x_wconf 92' lang='lat' dir='ltr'><strong>inventum</strong></span> <span class='ocrx_word' id='word_1_281' title='bbox 1579 1907 1665 1933; x_wconf 89' lang='lat' dir='ltr'><strong>esse</strong></span> <span class='ocrx_word' id='word_1_282' title='bbox 1701 1908 1723 1933; x_wconf 90' lang='lat' dir='ltr'><strong>a</strong></span> <span class='ocrx_word' id='word_1_283' title='bbox 1759 1893 1872 1933; x_wconf 85' lang='lat' dir='ltr'><strong>fabro</strong></span> <span class='ocrx_word' id='word_1_284' title='bbox 1904 1893 2074 1945; x_wconf 90' lang='lat' dir='ltr'><strong>quodam</strong></span> <span class='ocrx_word' id='word_1_285' title='bbox 2105 1893 2258 1933; x_wconf 89' lang='lat' dir='ltr'><strong>Orestis</strong></span> 
     </span>
     <span class='ocr_line' id='line_1_27' title="bbox 303 1959 2258 2016; baseline 0.001 -16"><span class='ocrx_word' id='word_1_286' title='bbox 303 1961 470 2000; x_wconf 86' lang='lat' dir='ltr'><strong>cadaver</strong></span> <span class='ocrx_word' id='word_1_287' title='bbox 497 1962 706 2000; x_wconf 90' lang='lat' dir='ltr'><strong>inclusum:</strong></span> <span class='ocrx_word' id='word_1_288' title='bbox 736 1960 850 2015; x_wconf 79' lang='grc' dir='ltr'><strong>,,σό’ρῳ</strong></span> <span class='ocrx_word' id='word_1_289' title='bbox 872 1960 1110 2013; x_wconf 60' lang='grc' dir='ltr'>ἑπταπήχεϊ”</span> <span class='ocrx_word' id='word_1_290' title='bbox 1140 1976 1219 2015; x_wconf 89' lang='lat' dir='ltr'><strong>qua</strong></span> <span class='ocrx_word' id='word_1_291' title='bbox 1248 1969 1381 2015; x_wconf 86' lang='lat' dir='ltr'><strong>aperta</strong></span> <span class='ocrx_word' id='word_1_292' title='bbox 1409 1962 1528 2001; x_wconf 91' lang='lat' dir='ltr'><strong>homo</strong></span> <span class='ocrx_word' id='word_1_293' title='bbox 1557 1961 1623 2000; x_wconf 90' lang='lat' dir='ltr'><strong>ille</strong></span> <span class='ocrx_word' id='word_1_294' title='bbox 1642 1961 1782 2001; x_wconf 92' lang='lat' dir='ltr'><strong>viderit</strong></span> <span class='ocrx_word' id='word_1_295' title='bbox 1810 1959 1889 2010; x_wconf 77' lang='grc' dir='ltr'>,,τδν</span> <span class='ocrx_word' id='word_1_296' title='bbox 1910 1959 2023 2016; x_wconf 73' lang='grc' dir='ltr'><strong>νεκρὲν</strong></span> <span class='ocrx_word' id='word_1_297' title='bbox 2051 1959 2167 2014; x_wconf 67' lang='grc' dir='ltr'><strong><em>μήκεϊ</em></strong></span> <span class='ocrx_word' id='word_1_298' title='bbox 2187 1959 2258 2001; x_wconf 67' lang='grc' dir='ltr'><strong>ἴσον</strong></span> 
     </span>
     <span class='ocr_line' id='line_1_28' title="bbox 303 2028 2258 2083; baseline -0.001 -14"><span class='ocrx_word' id='word_1_299' title='bbox 303 2028 407 2070; x_wconf 76' lang='grc' dir='ltr'>ἐόντα.</span> <span class='ocrx_word' id='word_1_300' title='bbox 435 2030 476 2083; x_wconf 69' lang='grc' dir='ltr'><strong>τῇ</strong></span> <span class='ocrx_word' id='word_1_301' title='bbox 506 2030 630 2082; x_wconf 75' lang='grc' dir='ltr'>σορῷ”.</span> <span class='ocrx_word' id='word_1_302' title='bbox 686 2030 787 2068; x_wconf 89' lang='lat' dir='ltr'><strong>Mira</strong></span> <span class='ocrx_word' id='word_1_303' title='bbox 815 2044 907 2069; x_wconf 88' lang='lat' dir='ltr'><strong>sane</strong></span> <span class='ocrx_word' id='word_1_304' title='bbox 935 2030 1172 2082; x_wconf 84' lang='lat' dir='ltr'><strong>magnitudo,</strong></span> <span class='ocrx_word' id='word_1_305' title='bbox 1202 2044 1304 2080; x_wconf 88' lang='lat' dir='ltr'><strong>quae</strong></span> <span class='ocrx_word' id='word_1_306' title='bbox 1334 2033 1485 2068; x_wconf 86' lang='lat' dir='ltr'><strong>circiter</strong></span> <span class='ocrx_word' id='word_1_307' title='bbox 1519 2032 1603 2083; x_wconf 70' lang='grc' dir='ltr'><strong>1οὲ</strong></span> <span class='ocrx_word' id='word_1_308' title='bbox 1623 2030 1745 2080; x_wconf 88' lang='lat' dir='ltr'><strong>pedes</strong></span> <span class='ocrx_word' id='word_1_309' title='bbox 1774 2037 2013 2080; x_wconf 86' lang='lat' dir='ltr'><strong>assequatur.</strong></span> <span class='ocrx_word' id='word_1_310' title='bbox 2064 2030 2170 2068; x_wconf 91' lang='lat' dir='ltr'><strong>Idem</strong></span> <span class='ocrx_word' id='word_1_311' title='bbox 2201 2029 2258 2067; x_wconf 90' lang='lat' dir='ltr'><strong>di-</strong></span> 
     </span>
     <span class='ocr_line' id='line_1_29' title="bbox 303 2094 2259 2150; baseline -0.001 -13"><span class='ocrx_word' id='word_1_312' title='bbox 303 2096 469 2137; x_wconf 92' lang='lat' dir='ltr'><strong>cendum</strong></span> <span class='ocrx_word' id='word_1_313' title='bbox 506 2099 578 2136; x_wconf 92' lang='lat' dir='ltr'><strong>erit</strong></span> <span class='ocrx_word' id='word_1_314' title='bbox 614 2096 663 2136; x_wconf 89' lang='lat' dir='ltr'><strong>de</strong></span> <span class='ocrx_word' id='word_1_315' title='bbox 692 2096 825 2136; x_wconf 80' lang='lat' dir='ltr'><strong>sabula</strong></span> <span class='ocrx_word' id='word_1_316' title='bbox 854 2096 1157 2137; x_wconf 86' lang='lat' dir='ltr'><strong>Chemmitarum</strong></span> <span class='ocrx_word' id='word_1_317' title='bbox 1192 2098 1254 2147; x_wconf 89' lang='lat'><strong>(11,</strong></span> <span class='ocrx_word' id='word_1_318' title='bbox 1282 2100 1372 2148; x_wconf 88' lang='lat'><strong>91),</strong></span> <span class='ocrx_word' id='word_1_319' title='bbox 1410 2099 1477 2149; x_wconf 92' lang='lat' dir='ltr'><strong>qui</strong></span> <span class='ocrx_word' id='word_1_320' title='bbox 1510 2105 1667 2137; x_wconf 87' lang='lat' dir='ltr'><strong>narrant</strong></span> <span class='ocrx_word' id='word_1_321' title='bbox 1704 2094 1784 2146; x_wconf 82' lang='grc' dir='ltr'><strong><em>,,τδν</em></strong></span> <span class='ocrx_word' id='word_1_322' title='bbox 1812 2096 1955 2150; x_wconf 70' lang='grc' dir='ltr'>Περσίᾳ.</span> <span class='ocrx_word' id='word_1_323' title='bbox 1991 2094 2159 2137; x_wconf 61' lang='grc' dir='ltr'>πολλάκι</span> <span class='ocrx_word' id='word_1_324' title='bbox 2191 2094 2259 2148; x_wconf 83' lang='grc' dir='ltr'><strong>μὲν</strong></span> 
     </span>
     <span class='ocr_line' id='line_1_30' title="bbox 301 2162 2259 2220; baseline -0.001 -14"><span class='ocrx_word' id='word_1_325' title='bbox 301 2165 374 2207; x_wconf 64' lang='lat' dir='ltr'><strong>dvo)</strong></span> <span class='ocrx_word' id='word_1_326' title='bbox 400 2163 460 2211; x_wconf 68' lang='grc' dir='ltr'><strong>τὴν</strong></span> <span class='ocrx_word' id='word_1_327' title='bbox 488 2166 555 2217; x_wconf 65' lang='grc' dir='ltr'><strong>γῆν</strong></span> <span class='ocrx_word' id='word_1_328' title='bbox 585 2163 786 2219; x_wconf 67' lang='grc' dir='ltr'><strong><em>φαίνεσθαί</em></strong></span> <span class='ocrx_word' id='word_1_329' title='bbox 805 2171 877 2218; x_wconf 78' lang='grc' dir='ltr'>σ’φι</span> <span class='ocrx_word' id='word_1_330' title='bbox 906 2195 1040 2205; x_wconf 89' lang='grc'><strong>......</strong></span> <span class='ocrx_word' id='word_1_331' title='bbox 1071 2162 1267 2205; x_wconf 72' lang='grc' dir='ltr'>σοινδοίλιόν</span> <span class='ocrx_word' id='word_1_332' title='bbox 1294 2182 1333 2205; x_wconf 91' lang='grc' dir='ltr'><strong>τε</strong></span> <span class='ocrx_word' id='word_1_333' title='bbox 1362 2165 1477 2206; x_wconf 67' lang='grc' dir='ltr'>αὐτοῦ</span> <span class='ocrx_word' id='word_1_334' title='bbox 1505 2165 1752 2220; x_wconf 68' lang='grc' dir='ltr'>πεφορημένον</span> <span class='ocrx_word' id='word_1_335' title='bbox 1779 2164 2011 2218; x_wconf 76' lang='grc' dir='ltr'><strong>εὑρίσκεσθαι,</strong></span> <span class='ocrx_word' id='word_1_336' title='bbox 2046 2163 2097 2205; x_wconf 75' lang='grc' dir='ltr'><strong>ἒδν</strong></span> <span class='ocrx_word' id='word_1_337' title='bbox 2125 2162 2165 2205; x_wconf 67' lang='lat' dir='ltr'><strong>‘td</strong></span> <span class='ocrx_word' id='word_1_338' title='bbox 2190 2165 2259 2216; x_wconf 85' lang='grc' dir='ltr'><em>με’-</em></span> 
     </span>
     <span class='ocr_line' id='line_1_31' title="bbox 301 2232 2258 2286; baseline -0.001 -12"><span class='ocrx_word' id='word_1_339' title='bbox 301 2233 412 2286; x_wconf 69' lang='grc' dir='ltr'>γαθος</span> <span class='ocrx_word' id='word_1_340' title='bbox 436 2232 577 2284; x_wconf 69' lang='grc' dir='ltr'><strong><em>δίπηχυ</em></strong></span> <span class='ocrx_word' id='word_1_341' title='bbox 603 2251 638 2273; x_wconf 82' lang='grc' dir='ltr'><strong>κ.</strong></span> <span class='ocrx_word' id='word_1_342' title='bbox 654 2250 687 2274; x_wconf 88' lang='grc' dir='ltr'><strong>τ.</strong></span> <span class='ocrx_word' id='word_1_343' title='bbox 701 2233 761 2274; x_wconf 85' lang='grc' dir='ltr'><strong>λ.”</strong></span> <span class='ocrx_word' id='word_1_344' title='bbox 791 2240 829 2272; x_wconf 89' lang='lat' dir='ltr'><strong>et</strong></span> <span class='ocrx_word' id='word_1_345' title='bbox 857 2233 1092 2286; x_wconf 87' lang='lat' dir='ltr'><strong>Scytharum</strong></span> <span class='ocrx_word' id='word_1_346' title='bbox 1122 2235 1207 2283; x_wconf 89' lang='lat' dir='ltr'><strong>(IV,</strong></span> <span class='ocrx_word' id='word_1_347' title='bbox 1229 2236 1312 2284; x_wconf 84' lang='lat'><strong>82),</strong></span> <span class='ocrx_word' id='word_1_348' title='bbox 1342 2236 1410 2285; x_wconf 92' lang='lat' dir='ltr'><strong>qui</strong></span> <span class='ocrx_word' id='word_1_349' title='bbox 1437 2236 1639 2286; x_wconf 89' lang='lat' dir='ltr'><strong>vestigium</strong></span> <span class='ocrx_word' id='word_1_350' title='bbox 1668 2233 1848 2273; x_wconf 90' lang='lat' dir='ltr'><strong>Herculis</strong></span> <span class='ocrx_word' id='word_1_351' title='bbox 1877 2233 2141 2272; x_wconf 88' lang='lat' dir='ltr'><strong>demonstrant</strong></span> <span class='ocrx_word' id='word_1_352' title='bbox 2169 2247 2258 2273; x_wconf 90' lang='lat' dir='ltr'><strong>sco-</strong></span> 
     </span>
     <span class='ocr_line' id='line_1_32' title="bbox 301 2298 2258 2354; baseline 0 -14"><span class='ocrx_word' id='word_1_353' title='bbox 301 2301 398 2353; x_wconf 84' lang='lat' dir='ltr'><strong>pulo</strong></span> <span class='ocrx_word' id='word_1_354' title='bbox 428 2303 668 2353; x_wconf 83' lang='lat' dir='ltr'><strong>impressum,</strong></span> <span class='ocrx_word' id='word_1_355' title='bbox 699 2300 810 2352; x_wconf 92' lang='lat' dir='ltr'><strong>quod</strong></span> <span class='ocrx_word' id='word_1_356' title='bbox 838 2299 934 2350; x_wconf 64' lang='lat' dir='ltr'><strong>„o&#39;sm</strong></span> <span class='ocrx_word' id='word_1_357' title='bbox 962 2298 1029 2352; x_wconf 79' lang='grc' dir='ltr'><strong>μὲν</strong></span> <span class='ocrx_word' id='word_1_358' title='bbox 1050 2298 1195 2354; x_wconf 63' lang='grc' dir='ltr'><strong><em>βήματι</em></strong></span> <span class='ocrx_word' id='word_1_359' title='bbox 1225 2298 1357 2353; x_wconf 67' lang='grc' dir='ltr'><em>ἀνδρός,</em></span> <span class='ocrx_word' id='word_1_360' title='bbox 1386 2300 1460 2342; x_wconf 74' lang='grc' dir='ltr'><strong><em>ἔστι</em></strong></span> <span class='ocrx_word' id='word_1_361' title='bbox 1490 2299 1528 2342; x_wconf 75' lang='grc' dir='ltr'><strong>δὲ</strong></span> <span class='ocrx_word' id='word_1_362' title='bbox 1555 2298 1596 2342; x_wconf 79' lang='grc' dir='ltr'><strong>τδ</strong></span> <span class='ocrx_word' id='word_1_363' title='bbox 1624 2300 1786 2354; x_wconf 72' lang='grc' dir='ltr'>μέγαθος</span> <span class='ocrx_word' id='word_1_364' title='bbox 1814 2300 1992 2353; x_wconf 77' lang='grc' dir='ltr'><strong>ὃίπηχυ”,</strong></span> <span class='ocrx_word' id='word_1_365' title='bbox 2021 2315 2122 2354; x_wconf 87' lang='lat' dir='ltr'><strong>quae</strong></span> <span class='ocrx_word' id='word_1_366' title='bbox 2150 2315 2258 2341; x_wconf 89' lang='lat' dir='ltr'><strong>men·</strong></span> 
     </span>
     <span class='ocr_line' id='line_1_33' title="bbox 304 2369 2259 2423; baseline 0 -15"><span class='ocrx_word' id='word_1_367' title='bbox 304 2383 420 2409; x_wconf 87' lang='lat' dir='ltr'><strong>surae</strong></span> <span class='ocrx_word' id='word_1_368' title='bbox 461 2376 632 2420; x_wconf 90' lang='lat' dir='ltr'><strong>utroque</strong></span> <span class='ocrx_word' id='word_1_369' title='bbox 672 2369 765 2408; x_wconf 93' lang='lat' dir='ltr'><strong>loco</strong></span> <span class='ocrx_word' id='word_1_370' title='bbox 803 2371 984 2421; x_wconf 85' lang='lat' dir='ltr'><strong>corporis</strong></span> <span class='ocrx_word' id='word_1_371' title='bbox 1023 2370 1323 2421; x_wconf 88' lang='lat' dir='ltr'><strong>magnitudinem</strong></span> <span class='ocrx_word' id='word_1_372' title='bbox 1360 2371 1509 2423; x_wconf 87' lang='lat' dir='ltr'><strong>vulgari</strong></span> <span class='ocrx_word' id='word_1_373' title='bbox 1548 2371 1666 2422; x_wconf 88' lang='lat' dir='ltr'><strong>triplo</strong></span> <span class='ocrx_word' id='word_1_374' title='bbox 1703 2372 1887 2409; x_wconf 90' lang='lat' dir='ltr'><strong>maiorem</strong></span> <span class='ocrx_word' id='word_1_375' title='bbox 1925 2372 2153 2422; x_wconf 85' lang='lat' dir='ltr'><strong>exprimunt.</strong></span> <span class='ocrx_word' id='word_1_376' title='bbox 2214 2371 2259 2408; x_wconf 90' lang='lat' dir='ltr'><strong>In</strong></span> 
     </span>
     <span class='ocr_line' id='line_1_34' title="bbox 301 2436 2257 2488; baseline -0.001 -12"><span class='ocrx_word' id='word_1_377' title='bbox 301 2436 444 2476; x_wconf 84' lang='lat' dir='ltr'><strong>fabulis</strong></span> <span class='ocrx_word' id='word_1_378' title='bbox 472 2436 572 2475; x_wconf 89' lang='lat' dir='ltr'><strong>illud</strong></span> <span class='ocrx_word' id='word_1_379' title='bbox 592 2450 755 2488; x_wconf 91' lang='lat' dir='ltr'><strong>quoque</strong></span> <span class='ocrx_word' id='word_1_380' title='bbox 784 2443 852 2483; x_wconf 90' lang='lat' dir='ltr'><strong>est,</strong></span> <span class='ocrx_word' id='word_1_381' title='bbox 883 2436 993 2487; x_wconf 87' lang='lat' dir='ltr'><strong>quod</strong></span> <span class='ocrx_word' id='word_1_382' title='bbox 1011 2438 1113 2485; x_wconf 89' lang='lat' dir='ltr'><strong>VIII,</strong></span> <span class='ocrx_word' id='word_1_383' title='bbox 1133 2439 1181 2477; x_wconf 89' lang='lat'><strong>55</strong></span> <span class='ocrx_word' id='word_1_384' title='bbox 1212 2444 1400 2485; x_wconf 88' lang='lat' dir='ltr'><strong>narratur,</strong></span> <span class='ocrx_word' id='word_1_385' title='bbox 1428 2439 1695 2485; x_wconf 88' lang='lat' dir='ltr'><strong>Athenienses,</strong></span> <span class='ocrx_word' id='word_1_386' title='bbox 1724 2437 1824 2476; x_wconf 90' lang='lat' dir='ltr'><strong>urbe</strong></span> <span class='ocrx_word' id='word_1_387' title='bbox 1854 2452 1875 2475; x_wconf 85' lang='lat' dir='ltr'><strong>a</strong></span> <span class='ocrx_word' id='word_1_388' title='bbox 1894 2438 2023 2475; x_wconf 92' lang='lat' dir='ltr'><strong>Persis</strong></span> <span class='ocrx_word' id='word_1_389' title='bbox 2049 2437 2257 2483; x_wconf 90' lang='lat' dir='ltr'><strong>devastata,</strong></span> 
     </span>
     <span class='ocr_line' id='line_1_35' title="bbox 302 2502 2258 2556; baseline 0.002 -13"><span class='ocrx_word' id='word_1_390' title='bbox 302 2518 389 2544; x_wconf 87' lang='lat' dir='ltr'><strong>cnm</strong></span> <span class='ocrx_word' id='word_1_391' title='bbox 426 2503 547 2543; x_wconf 88' lang='lat' dir='ltr'><strong>altera</strong></span> <span class='ocrx_word' id='word_1_392' title='bbox 576 2503 640 2543; x_wconf 87' lang='lat' dir='ltr'><strong>die</strong></span> <span class='ocrx_word' id='word_1_393' title='bbox 678 2503 727 2543; x_wconf 90' lang='lat' dir='ltr'><strong>ad</strong></span> <span class='ocrx_word' id='word_1_394' title='bbox 761 2503 947 2556; x_wconf 89' lang='lat' dir='ltr'><strong>templum</strong></span> <span class='ocrx_word' id='word_1_395' title='bbox 984 2504 1265 2553; x_wconf 87' lang='lat' dir='ltr'><strong>ascendissent,</strong></span> <span class='ocrx_word' id='word_1_396' title='bbox 1301 2505 1462 2545; x_wconf 89' lang='lat' dir='ltr'><strong>vidisse:</strong></span> <span class='ocrx_word' id='word_1_397' title='bbox 1493 2505 1684 2553; x_wconf 66' lang='grc' dir='ltr'>,βλοοστδν</span> <span class='ocrx_word' id='word_1_398' title='bbox 1721 2505 1762 2546; x_wconf 81' lang='grc' dir='ltr'><strong>ἐκ</strong></span> <span class='ocrx_word' id='word_1_399' title='bbox 1796 2506 1859 2545; x_wconf 79' lang='grc' dir='ltr'><strong>τοῦ</strong></span> <span class='ocrx_word' id='word_1_400' title='bbox 1888 2502 2085 2555; x_wconf 77' lang='grc' dir='ltr'>στελέχεος</span> <span class='ocrx_word' id='word_1_401' title='bbox 2110 2503 2192 2545; x_wconf 72' lang='grc' dir='ltr'>ἴσον</span> <span class='ocrx_word' id='word_1_402' title='bbox 2219 2522 2258 2546; x_wconf 86' lang='grc' dir='ltr'><strong>τε</strong></span> 
     </span>
     <span class='ocr_line' id='line_1_36' title="bbox 303 2571 2257 2625; baseline 0.001 -13"><span class='ocrx_word' id='word_1_403' title='bbox 303 2575 489 2622; x_wconf 64' lang='grc' dir='ltr'><strong>πηχυαῖον</strong></span> <span class='ocrx_word' id='word_1_404' title='bbox 518 2571 884 2624; x_wconf 55' lang='grc' dir='ltr'><strong>ἀναδεὸρωμκκότοιΡ</strong></span> <span class='ocrx_word' id='word_1_405' title='bbox 932 2572 1064 2611; x_wconf 88' lang='lat' dir='ltr'><strong>Minus</strong></span> <span class='ocrx_word' id='word_1_406' title='bbox 1093 2572 1275 2611; x_wconf 82' lang='lat' dir='ltr'><strong>fabulosa</strong></span> <span class='ocrx_word' id='word_1_407' title='bbox 1302 2574 1421 2612; x_wconf 81' lang='lat' dir='ltr'><strong>refert</strong></span> <span class='ocrx_word' id='word_1_408' title='bbox 1459 2587 1508 2612; x_wconf 84' lang='lat' dir='ltr'><strong>eo</strong></span> <span class='ocrx_word' id='word_1_409' title='bbox 1538 2573 1630 2612; x_wconf 91' lang='lat' dir='ltr'><strong>loco</strong></span> <span class='ocrx_word' id='word_1_410' title='bbox 1661 2573 1706 2622; x_wconf 91' lang='lat'><strong>(1,</strong></span> <span class='ocrx_word' id='word_1_411' title='bbox 1736 2574 1818 2624; x_wconf 89' lang='lat'><strong>60),</strong></span> <span class='ocrx_word' id='word_1_412' title='bbox 1847 2573 1896 2612; x_wconf 90' lang='lat' dir='ltr'><strong>de</strong></span> <span class='ocrx_word' id='word_1_413' title='bbox 1926 2586 2006 2624; x_wconf 93' lang='lat' dir='ltr'><strong>quo</strong></span> <span class='ocrx_word' id='word_1_414' title='bbox 2036 2587 2155 2625; x_wconf 89' lang='lat' dir='ltr'><strong>supra</strong></span> <span class='ocrx_word' id='word_1_415' title='bbox 2182 2576 2257 2613; x_wconf 86' lang='lat' dir='ltr'><strong>iam</strong></span> 
     </span>
     <span class='ocr_line' id='line_1_37' title="bbox 304 2639 2257 2695; baseline 0.002 -16"><span class='ocrx_word' id='word_1_416' title='bbox 304 2641 375 2692; x_wconf 86' lang='lat' dir='ltr'><strong>egi,</strong></span> <span class='ocrx_word' id='word_1_417' title='bbox 403 2639 473 2678; x_wconf 87' lang='lat' dir='ltr'><strong>ubi</strong></span> <span class='ocrx_word' id='word_1_418' title='bbox 501 2641 648 2691; x_wconf 81' lang='lat' dir='ltr'><strong>Phyam</strong></span> <span class='ocrx_word' id='word_1_419' title='bbox 676 2641 855 2680; x_wconf 78' lang='lat' dir='ltr'><strong>feminam</strong></span> <span class='ocrx_word' id='word_1_420' title='bbox 885 2641 1160 2680; x_wconf 89' lang='lat' dir='ltr'><strong>Atheniensem</strong></span> <span class='ocrx_word' id='word_1_421' title='bbox 1189 2641 1242 2694; x_wconf 58' lang='lat'><strong>3⁷5</strong></span> <span class='ocrx_word' id='word_1_422' title='bbox 1266 2640 1421 2680; x_wconf 90' lang='lat' dir='ltr'><strong>cubitos</strong></span> <span class='ocrx_word' id='word_1_423' title='bbox 1450 2655 1622 2694; x_wconf 89' lang='lat' dir='ltr'><strong>magnam</strong></span> <span class='ocrx_word' id='word_1_424' title='bbox 1643 2647 1934 2687; x_wconf 80' lang='lat' dir='ltr'><strong>commemorat3</strong></span> <span class='ocrx_word' id='word_1_425' title='bbox 1965 2643 2028 2681; x_wconf 92' lang='lat' dir='ltr'><strong>cui</strong></span> <span class='ocrx_word' id='word_1_426' title='bbox 2055 2655 2160 2682; x_wconf 90' lang='lat' dir='ltr'><strong>nunc</strong></span> <span class='ocrx_word' id='word_1_427' title='bbox 2184 2642 2257 2695; x_wconf 21' lang='lat' dir='ltr'><strong>*ad-</strong></span> 
     </span>
     <span class='ocr_line' id='line_1_38' title="bbox 301 2706 2259 2763; baseline 0.002 -16"><span class='ocrx_word' id='word_1_428' title='bbox 301 2708 400 2754; x_wconf 86' lang='lat' dir='ltr'><strong>dam,</strong></span> <span class='ocrx_word' id='word_1_429' title='bbox 432 2707 542 2758; x_wconf 89' lang='lat' dir='ltr'><strong>quod</strong></span> <span class='ocrx_word' id='word_1_430' title='bbox 569 2708 698 2754; x_wconf 79' lang='grc' dir='ltr'>ΙΧ,83</span> <span class='ocrx_word' id='word_1_431' title='bbox 727 2709 901 2756; x_wconf 89' lang='lat' dir='ltr'><strong>traditur,</strong></span> <span class='ocrx_word' id='word_1_432' title='bbox 930 2716 1023 2761; x_wconf 87' lang='lat' dir='ltr'><strong>post</strong></span> <span class='ocrx_word' id='word_1_433' title='bbox 1051 2722 1218 2761; x_wconf 88' lang='lat' dir='ltr'><strong>pugnam</strong></span> <span class='ocrx_word' id='word_1_434' title='bbox 1243 2710 1507 2748; x_wconf 89' lang='lat' dir='ltr'><strong>Plataeensem</strong></span> <span class='ocrx_word' id='word_1_435' title='bbox 1535 2717 1689 2761; x_wconf 90' lang='lat' dir='ltr'><strong>reperta</strong></span> <span class='ocrx_word' id='word_1_436' title='bbox 1717 2723 1803 2749; x_wconf 80' lang='lat' dir='ltr'><strong>esse</strong></span> <span class='ocrx_word' id='word_1_437' title='bbox 1832 2706 2108 2760; x_wconf 75' lang='grc' dir='ltr'>,,πεντοιπῆχεος</span> <span class='ocrx_word' id='word_1_438' title='bbox 2136 2707 2259 2763; x_wconf 64' lang='grc' dir='ltr'><em>ὠνὸρὲς</em></span> 
     </span>
     <span class='ocr_line' id='line_1_39' title="bbox 301 2764 2258 2829; baseline -0.001 -12"><span class='ocrx_word' id='word_1_439' title='bbox 301 2774 430 2817; x_wconf 78' lang='grc' dir='ltr'>ὀστέα.”</span> <span class='ocrx_word' id='word_1_440' title='bbox 449 2777 473 2814; x_wconf 89' lang='lat' dir='ltr'><strong>i.</strong></span> <span class='ocrx_word' id='word_1_441' title='bbox 501 2788 533 2814; x_wconf 91' lang='lat' dir='ltr'><strong>e.</strong></span> <span class='ocrx_word' id='word_1_442' title='bbox 554 2776 628 2813; x_wconf 78' lang='lat' dir='ltr'><strong>viri</strong></span> <span class='ocrx_word' id='word_1_443' title='bbox 656 2776 807 2814; x_wconf 90' lang='lat' dir='ltr'><strong>circiter</strong></span> <span class='ocrx_word' id='word_1_444' title='bbox 836 2775 897 2823; x_wconf 85' lang='lat'><strong>7‚4</strong></span> <span class='ocrx_word' id='word_1_445' title='bbox 919 2776 1008 2828; x_wconf 91' lang='lat' dir='ltr'><strong>ped.</strong></span> <span class='ocrx_word' id='word_1_446' title='bbox 1028 2777 1151 2816; x_wconf 86' lang='lat' dir='ltr'><strong>Rhen.</strong></span> <span class='ocrx_word' id='word_1_447' title='bbox 1172 2779 1307 2829; x_wconf 85' lang='lat' dir='ltr'><strong>magni.</strong></span> <span class='ocrx_word' id='word_1_448' title='bbox 1363 2778 1451 2817; x_wconf 87' lang='lat' dir='ltr'><strong>Alia</strong></span> <span class='ocrx_word' id='word_1_449' title='bbox 1481 2764 1637 2829; x_wconf 83' lang='lat' dir='ltr'><strong>quidem</strong></span> <span class='ocrx_word' id='word_1_450' title='bbox 1665 2780 1833 2826; x_wconf 89' lang='lat' dir='ltr'><strong>ratione,</strong></span> <span class='ocrx_word' id='word_1_451' title='bbox 1864 2778 1933 2818; x_wconf 91' lang='lat' dir='ltr'><strong>sed</strong></span> <span class='ocrx_word' id='word_1_452' title='bbox 1962 2780 2014 2817; x_wconf 92' lang='lat' dir='ltr'><strong>ita</strong></span> <span class='ocrx_word' id='word_1_453' title='bbox 2041 2785 2185 2825; x_wconf 91' lang='lat' dir='ltr'><strong>tamen,</strong></span> <span class='ocrx_word' id='word_1_454' title='bbox 2215 2783 2258 2816; x_wconf 92' lang='lat' dir='ltr'><strong>ut</strong></span> 
     </span>
     <span class='ocr_line' id='line_1_40' title="bbox 302 2841 2255 2898; baseline 0.001 -15"><span class='ocrx_word' id='word_1_455' title='bbox 302 2850 500 2883; x_wconf 88' lang='lat' dir='ltr'><strong>accuratas</strong></span> <span class='ocrx_word' id='word_1_456' title='bbox 528 2855 729 2882; x_wconf 88' lang='lat' dir='ltr'><strong>mensuras</strong></span> <span class='ocrx_word' id='word_1_457' title='bbox 758 2841 944 2882; x_wconf 88' lang='lat' dir='ltr'><strong>indicatas</strong></span> <span class='ocrx_word' id='word_1_458' title='bbox 972 2857 1054 2883; x_wconf 89' lang='lat' dir='ltr'><strong>non</strong></span> <span class='ocrx_word' id='word_1_459' title='bbox 1082 2851 1304 2892; x_wconf 90' lang='lat' dir='ltr'><strong>statuamus,</strong></span> <span class='ocrx_word' id='word_1_460' title='bbox 1333 2845 1457 2893; x_wconf 86' lang='lat' dir='ltr'><strong>locos,</strong></span> <span class='ocrx_word' id='word_1_461' title='bbox 1487 2859 1590 2898; x_wconf 92' lang='lat' dir='ltr'><strong>quos</strong></span> <span class='ocrx_word' id='word_1_462' title='bbox 1618 2847 1691 2884; x_wconf 91' lang='lat' dir='ltr'><strong>iam</strong></span> <span class='ocrx_word' id='word_1_463' title='bbox 1721 2845 1906 2884; x_wconf 83' lang='lat' dir='ltr'><strong>allaturus</strong></span> <span class='ocrx_word' id='word_1_464' title='bbox 1936 2859 2031 2894; x_wconf 91' lang='lat' dir='ltr'><strong>sum,</strong></span> <span class='ocrx_word' id='word_1_465' title='bbox 2067 2848 2255 2897; x_wconf 89' lang='lat' dir='ltr'><strong>interpre-</strong></span> 
     </span>
     <span class='ocr_line' id='line_1_41' title="bbox 301 2910 2256 2966; baseline 0.001 -15"><span class='ocrx_word' id='word_1_466' title='bbox 301 2919 375 2951; x_wconf 90' lang='lat' dir='ltr'><strong>tor.</strong></span> <span class='ocrx_word' id='word_1_467' title='bbox 429 2913 626 2963; x_wconf 90' lang='lat' dir='ltr'><strong>Loquitur</strong></span> <span class='ocrx_word' id='word_1_468' title='bbox 654 2910 886 2953; x_wconf 87' lang='lat' dir='ltr'><strong>Herodotus</strong></span> <span class='ocrx_word' id='word_1_469' title='bbox 915 2911 959 2958; x_wconf 92' lang='lat'><strong>11,</strong></span> <span class='ocrx_word' id='word_1_470' title='bbox 987 2911 1037 2950; x_wconf 74' lang='lat'><strong>48</strong></span> <span class='ocrx_word' id='word_1_471' title='bbox 1069 2912 1117 2951; x_wconf 93' lang='lat' dir='ltr'><strong>de</strong></span> <span class='ocrx_word' id='word_1_472' title='bbox 1146 2915 1264 2951; x_wconf 88' lang='lat' dir='ltr'><strong>sacris</strong></span> <span class='ocrx_word' id='word_1_473' title='bbox 1294 2915 1332 2952; x_wconf 88' lang='lat' dir='ltr'><strong>in</strong></span> <span class='ocrx_word' id='word_1_474' title='bbox 1360 2914 1532 2965; x_wconf 83' lang='lat' dir='ltr'><strong>Dionysi</strong></span> <span class='ocrx_word' id='word_1_475' title='bbox 1566 2914 1667 2952; x_wconf 86' lang='lat' dir='ltr'><strong>festo</strong></span> <span class='ocrx_word' id='word_1_476' title='bbox 1698 2912 1803 2964; x_wconf 86' lang='lat' dir='ltr'><strong>apud</strong></span> <span class='ocrx_word' id='word_1_477' title='bbox 1831 2914 2049 2966; x_wconf 83' lang='lat' dir='ltr'><strong>Aegyptios</strong></span> <span class='ocrx_word' id='word_1_478' title='bbox 2086 2913 2256 2953; x_wconf 90' lang='lat' dir='ltr'><strong>solenni-</strong></span> 
     </span>
    </p>
   </div>
  </div>
 </body>
</html>
