2572 3423
1263 112 1322 159 26

1150 182 1438 200 mm

316 287 374 321 est
382 281 395 327 ς’
428 283 528 321 sicut
556 276 671 320 hodie
699 291 871 331 quoque,
902 280 934 317 si
964 291 1080 331 quam
1109 277 1326 318 distantiam
1354 290 1437 318 non
1468 281 1580 320 nimis
1607 268 1766 332 parvam
1793 281 1920 319 minus
1950 286 2080 320 exacte
2109 292 2270 333 compu-

315 357 400 389 tare
427 349 616 395 volumus,
651 359 732 387 non
766 346 936 400 pedibus
966 354 1004 387 et
1033 347 1172 387 cubitis
1211 350 1269 387 uti
1305 347 1488 396 solemus,
1529 347 1599 387 sed
1629 347 1762 387 decem
1802 361 1987 400 passuum
2015 348 2079 388 vel
2116 355 2270 388 centum

317 430 504 464 mensura,
533 415 598 455 vel
627 416 703 455 alia
731 416 918 469 longiore.
974 417 1110 468 Itaque
1140 418 1308 469 exceptis
1336 415 1496 456 duobus
1524 416 1786 464 locis'11,127
1818 423 1856 455 et
1888 415 1977 464 134,
2007 417 2076 457 ubi
2104 416 2270 470 pedibus

315 487 445 532 utitur,
475 497 629 536 semper
658 485 816 537 plethris
847 492 884 525 et
914 487 1047 538 orgyis
1077 487 1249 537 exprimit
1277 484 1522 537 pyramidum
1551 497 1760 523 mensuras.

507 553 696 592 Nostrum
731 565 828 592 vero
865 560 933 601 est,
969 559 1156 605 quantum
1191 551 1286 592 fidei
1314 551 1509 592 Herodoti
1537 552 1668 592 verbis
1696 551 1947 592 tribuendum
1974 554 2034 600 sit,
2071 566 2271 605 quaerere.

316 621 443 660 Prima
479 622 595 674 igitur
633 621 730 661 haec
768 620 979 674 prodeant,
1017 621 1161 673 quibus
1193 621 1258 672 (Π,
1291 621 1391 673 124)
1414 622 1632 669 maximam,
1672 619 1848 673 Cheopis
1876 623 1996 673 regis,
2029 620 2271 674 pyramidem

316 688 501 729 describit
530 689 616 738 ,πῆς
639 689 714 731 ἔστι
739 689 922 746 πανταχῇ
946 687 1113 742 μίτωπον
1140 687 1293 730 ἕκαστον
1318 687 1410 731 dure-i
1436 687 1578 742 πλέθρα.
1595 686 1720 734 ἐούσης
1738 687 1963 742 τετριγῶνου
1984 687 2051 729 κα.)
2070 688 2171 743 ὕψος
2188 688 2272 738 ἴσον,

314 756 414 798 λίθου
439 754 480 797 (ἢ
502 755 633 812 ξεστοῦ
654 773 694 797 τε
717 754 781 798 καὶ
809 756 1043 810 ὥρμουν-μένου
1071 754 1121 797 τοὶ
1142 756 1330 809 μάλιστα·
1359 755 1471 799 οὐδεὶς
1495 757 1563 797 τῶν
1589 756 1694 797 λίθων
1716 754 1901 810 τριήκοντα
1926 755 2044 797 ποδῶν
2072 756 2273 798 ε’λοίσο-ων.”

316 825 433 877 Quae
460 839 536 875 res,
574 840 662 865 cum
692 839 714 865 a
744 825 870 865 doctis
898 825 1165 879 Francogallis
1194 839 1311 878 quam
1340 825 1626 878 diligentissime
1655 828 1704 865 sit
1733 827 1954 873 examinata,
1982 832 2021 864 et
2047 827 2271 877 nuperrime

314 906 337 932 a
365 893 569 934 Boeckhio
600 894 730 945 (Metr.
758 894 850 934 Unt.
878 908 916 947 p.
928 895 1019 946 236,
1037 898 1167 947 seqq.)
1194 893 1355 934 uberius
1383 900 1554 943 tractata,
1584 896 1695 934 cuius
1723 892 1855 934 verbis
1883 893 1979 947 quid
2004 892 2153 942 addam,
2189 905 2272 934 non

317 962 459 1011 habeo,
487 963 660 1003 breviter
687 963 840 1002 absolvi
868 965 1025 1015 poterit.
1082 964 1183 1002 Nam
1213 965 1372 1002 omnino
1402 964 1484 1001 sere
1513 969 1660 1001 certum
1690 969 1760 1010 est,
1787 962 1911 1001 basim
1938 963 2070 1002 lateris
2100 965 2272 1016 pyrami·

315 1029 374 1069 dis
410 1032 534 1084 ipsius
571 1031 767 1081 (excluso,
805 1030 917 1083 quod
953 1030 1217 1070 substructum
1257 1031 1329 1071 fuit
1364 1030 1674 1078 fundamentum,
1712 1031 1837 1069 forma
1871 1033 2081 1082 prismatis)
2115 1031 2272 1083 longam

313 1098 432 1137 fuisse
462 1100 543 1139 500
573 1097 729 1138 cubitos
758 1098 861 1153 vulg.
886 1117 931 1134 =
951 1100 1040 1138 circ.
1068 1099 1145 1142 737
1177 1097 1267 1152 ped.
1286 1099 1410 1138 Rhen.
1446 1117 1490 1134 =
1516 1100 1605 1138 circ.
1637 1099 1712 1138 231
1745 1098 1853 1138 metr.
1874 1097 1960 1151 gall.
2016 1097 2273 1139 Fundamenti

314 1172 443 1205 autem
478 1166 582 1205 latus
619 1173 791 1218 quatuor
827 1166 968 1205 cubitis
997 1166 1163 1220 longius,
1200 1166 1492 1219 comprehendit
1523 1166 1600 1205 504
1633 1166 1722 1206 cub.
1750 1166 1853 1220 vulg.
1881 1183 1925 1201 ε
1954 1168 2042 1206 circ.
2073 1165 2152 1210 742
2181 1166 2271 1220 ped.

314 1235 440 1275 Rhen.
469 1253 513 1271 ει
541 1237 631 1275 circ.
660 1238 740 1276 233
769 1237 879 1275 metr.
900 1236 986 1288 gall.
1050 1237 1095 1275 In
1122 1235 1334 1275 latitudinis
1362 1238 1477 1288 igitur
1506 1235 1746 1275 dimensione
1777 1249 1860 1274 non
1892 1238 2050 1274 nimium
2083 1238 2274 1275 commisit

317 1302 548 1343 Herodotus
579 1316 762 1352 errorem,
792 1317 881 1343 cum
912 1302 997 1344 504·
1023 1302 1144 1343 cubiti
1173 1309 1342 1356 aequent
1372 1303 1451 1347 756
1480 1302 1568 1357 ped.
1589 1302 1764 1358 Olymp„
1791 1316 1865 1357 pro
1895 1317 1976 1357 quo
2006 1317 2168 1345 numero
2198 1318 2272 1358 po·

315 1375 391 1410 suit
419 1371 515 1412 ὀκτώ
542 1372 683 1422 πλέθρα.
711 1374 735 1409 i.
757 1385 788 1409 e.
820 1374 901 1409 800
930 1371 1019 1423 ped.
1051 1372 1213 1423 Olymp.
1245 1394 1294 1402 —

501 1437 714 1478 Difficilius
751 1445 809 1478 est
837 1438 959 1479 verba
994 1436 1080 1487 „nal
1113 1437 1213 1492 ὕψος
1246 1437 1340 1478 ἴσον”
1377 1438 1588 1490 explicare,
1624 1441 1717 1489 quia
1750 1440 1790 1477 in
1819 1438 2021 1478 altitudine
2049 1440 2271 1479 definienda

312 1508 552 1558 apertissime
582 1507 723 1544 erravit
752 1505 993 1545 Herodotus.
1041 1507 1150 1545 Vera
1179 1506 1279 1544 enim
1308 1504 1473 1544 altitudo
1503 1505 1569 1555 (cf.
1589 1505 1727 1544 Descr.
1747 1504 1797 1545 de
1822 1496 1916 1559 l’Eg.
1941 1513 2032 1546 tom.
2042 1508 2093 1555 V,
2122 1509 2270 1560 p.612)

312 1574 362 1613 ab
402 1576 526 1627 ipsius
561 1573 778 1627 pyramidis
812 1573 898 1613 basi
932 1574 1110 1624 (excluso
1139 1573 1410 1625 fundamento)
1445 1587 1572 1626 usque
1601 1573 1651 1613 ad
1681 1587 1875 1623 cacumen,
1911 1576 1943 1614 si
1971 1575 2129 1627 quidem
2158 1582 2272 1615 acuta

311 1642 384 1681 suit
417 1644 609 1695 pyramis,
651 1642 760 1695 quod
797 1643 862 1681 alii
897 1650 1039 1696 negant
1074 1645 1135 1692 (ut
1170 1642 1342 1695 Parthey
1376 1644 1418 1682 in
1453 1642 1792 1695 „Wanderungen
1830 1642 1954 1682 durch
1989 1643 2149 1683 Sicilien
2186 1643 2269 1683 und

312 1710 378 1750 die
406 1711 590 1760 Levante,
619 1718 712 1751 tom.
728 1711 773 1759 11,
793 1726 830 1764 p.
854 1712 951 1751 103”
982 1714 1060 1764 qui,
1091 1711 1295 1763 quomodo
1323 1710 1565 1763 procedente
1591 1717 1768 1763 tempore
1789 1711 1855 1751 illa
1874 1712 2100 1760 decreverit,
2128 1713 2170 1751 in
2187 1712 2270 1752 dies

312 1781 432 1832 magis
461 1779 601 1827 deleta,
638 1777 800 1819 uberius
830 1783 1011 1830 enarrat),
1048 1780 1121 1819 suit
1155 1778 1324 1828 144‚194
1354 1780 1462 1818 metr.
1483 1779 1569 1832 gall.
1597 1797 1641 1815 ===
1669 1782 1757 1819 circ.
1777 1781 1858 1819 312
1887 1780 1975 1819 cub.
1994 1780 2097 1833 vulg.
2117 1798 2160 1817 ιιι
2182 1782 2271 1821 circ.

312 1847 392 1888 468
429 1847 519 1901 ped.
547 1847 722 1900 olymp„
758 1854 807 1896 et,
844 1847 975 1887 addita
1012 1848 1214 1888 altitudine
1248 1847 1498 1895 fundamenti,
1537 1847 1709 1896 146‚043
1744 1849 1853 1889 metr.
1878 1848 1965 1902 gall.
1997 1866 2042 1885 =
2070 1850 2159 1888 circ.
2188 1849 2269 1888 316

313 1916 402 1956 cub.
430 1934 474 1952 =
503 1918 593 1955 circ.
624 1915 704 1958 474
732 1916 822 1968 ped.
853 1917 919 1957 Ol.
975 1918 1075 1957 Utut
1110 1919 1225 1970 igitur
1260 1924 1329 1965 est,
1363 1918 1475 1956 nimis
1511 1930 1650 1968 magno
1687 1931 1850 1956 numero
1886 1917 2016 1956 differt
2052 1916 2216 1956 altitudo
2246 1931 2269 1956 a

312 1983 527 2032 latitudine,
563 1997 680 2036 quam
714 1990 757 2023 ut
785 1984 993 2036 probabile
1021 1984 1062 2024 id
1092 1998 1177 2024 esse
1206 1984 1392 2033 dicamus,
1430 1983 1541 2035 quod
1569 1984 1798 2023 Herodotus
1828 1985 2003 2037 protulit.
2059 1986 2200 2037 Neque
2229 1985 2270 2025 id

312 2052 477 2091 multum
504 2052 621 2091 faciat
649 2051 700 2091 ad
727 2066 820 2100 rem,
850 2055 883 2091 si
912 2055 999 2104 quis
1029 2052 1141 2100 dicat,
1170 2065 1252 2091 non
1281 2059 1359 2090 tam
1387 2053 1526 2090 acriter
1553 2050 1758 2091 tenendam
1787 2065 1873 2091 esse
1901 2052 2005 2091 illam
2031 2052 2143 2091 verbi
2170 2051 2271 2106 ῢ-ψος

311 2120 648 2172 significationem,
684 2134 787 2172 quae
821 2122 862 2159 in
897 2127 1035 2160 nostro
1071 2119 1233 2168 „Helie”
1266 2122 1377 2167 inest,
1413 2125 1456 2159 ut
1492 2133 1647 2171 semper
1682 2121 1731 2158 sit
1764 2133 1809 2159 ea
1839 2118 2014 2168 altitudo,
2051 2134 2152 2172 quae
2180 2135 2269 2160 cum

310 2189 396 2228 basi
424 2188 621 2227 normales
650 2189 814 2242 angulos
844 2188 1000 2229 efficiat.
1057 2188 1158 2228 Nam
1186 2201 1236 2228 ne
1266 2201 1313 2227 ea
1340 2186 1499 2238 quidem
1517 2187 1631 2235 linea,
1657 2200 1773 2240 quae,
1802 2194 1965 2240 excepto
1986 2187 2144 2241 quidem
2161 2188 2268 2228 basis

312 2257 443 2303 latere,
471 2258 593 2296 totius
621 2257 837 2309 pyramidis
867 2256 1092 2309 longissima
1121 2262 1191 2303 est,
1220 2258 1243 2294 i.
1263 2268 1297 2294 e.
1328 2268 1459 2294 earum
1488 2268 1565 2294 una
1593 2257 1634 2294 in
1662 2255 1805 2308 quibus
1832 2255 1924 2296 bina
1953 2257 2142 2309 triangula
2172 2270 2268 2297 con·

311 2327 485 2372 veniunt,
521 2324 571 2364 ad
607 2325 711 2364 illam
748 2324 1032 2378 longitudinem
1070 2323 1253 2363 ascendit.
1309 2324 1399 2363 Fuit
1427 2326 1528 2363 enim
1557 2326 1709 2364 circiter
1737 2325 1816 2369 708
1847 2324 1991 2377 pedum
2020 2324 2183 2377 Olymp.
2216 2347 2265 2356 —

310 2392 393 2434 Sed
421 2405 558 2432 verum
594 2399 653 2432 est
685 2393 852 2432 testibus
881 2395 939 2441 iis,
978 2394 1045 2445 qui
1072 2392 1171 2432 hanc
1198 2391 1440 2446 pyramidem
1468 2392 1660 2442 viderunt,
1695 2393 1836 2433 oculos
1864 2395 2122 2446 spectantium
2150 2393 2265 2433 facile

309 2465 362 2502 ita
399 2462 492 2510 falli,
527 2468 571 2501 ut
604 2461 747 2501 lineam
782 2462 942 2500 alteram
977 2461 1086 2500 alteri
1122 2475 1254 2514 parem
1286 2474 1373 2500 esse
1401 2461 1554 2501 ducant.
1609 2461 1812 2503 Iomardus
1841 2464 1899 2512 (in
1925 2462 2062 2502 Descr.
2093 2461 2143 2500 de
2171 2453 2266 2515 l’Eg.

310 2538 402 2570 tom.
412 2531 464 2578 V,
492 2545 529 2583 p.
540 2530 640 2581 603)
668 2530 765 2570 haec
795 2529 904 2569 dicit:
934 2533 1068 2578 „Nous
1081 2530 1229 2580 ferens
1261 2543 1507 2584 vemat-quer,
1542 2545 1619 2585 que
1644 2532 1683 2570 si
1709 2528 1763 2569 les
1775 2530 1899 2582 faces
1921 2529 1972 2569 de
1992 2529 2035 2569 la
2048 2528 2267 2585 pyramide

274 2632 276 2635 ,
313 2608 384 2637 ont
416 2597 672 2652 long-temps
703 2599 826 2653 passe
852 2611 964 2653 pour
989 2598 1073 2637 ecre
1100 2596 1380 2653 equilaterales
1409 2611 1462 2637 on
1489 2596 1575 2637 doit
1596 2597 1823 2638 l'attn'buer
1842 2600 1870 2637 ὰ
1891 2611 1950 2645 ee,
1989 2597 2153 2654 qu‘elles
2172 2598 2269 2653 pmi-

312 2674 473 2705 se'ntent
502 2679 618 2704 assez
651 2665 743 2705 bien
773 2666 1031 2723 l'apparence
1060 2664 1157 2705 d'un
1187 2664 1360 2720 triangle
1386 2668 1414 2704 ὰ
1444 2667 1542 2705 trois
1569 2665 1675 2706 εότὲε
1703 2667 1860 2722 egoni-23
1889 2668 1993 2707 mais
2012 2665 2056 2707 Ia
2074 2681 2157 2707 vue
2171 2674 2271 2722 peut

309 2734 507 2774 aise'ment
543 2733 608 2784 s’y
649 2742 827 2787 tromper
861 2745 902 2774 et
938 2735 993 2775 les
1028 2737 1269 2773 instrumens
1302 2734 1405 2773 seuls
1437 2736 1656 2789 pouvaient
1689 2736 1900 2789 appreciet·
1932 2735 1975 2774 Ia
2008 2733 2268 2787 dzffemnoel'

309 2803 456 2855 Itaque,
492 2803 523 2841 si
560 2803 631 2854 qui
664 2808 765 2849 sunt,
801 2804 868 2854 qui
896 2805 935 2841 in
962 2809 1110 2842 tantum
1140 2815 1312 2843 errorem
1339 2805 1401 2842 vix
1430 2805 1604 2855 potuisse
1632 2802 1803 2843 incidere
1831 2803 2077 2844 Herodotum
2106 2808 2267 2842 contem

309 2870 415 2919 dant,
451 2884 530 2918 eos,
568 2872 673 2911 omni
709 2870 867 2924 quidem
903 2883 979 2924 ope
1009 2871 1224 2919 destitutos,
1264 2885 1311 2911 eo
1347 2872 1525 2925 refugere
1564 2871 1771 2925 oportebit,
1805 2878 1850 2912 ut
1876 2872 2000 2912 verbo
2028 2868 2129 2922 ὕψος
2161 2867 2266 2907 illam
