2572 3423
1227 154 1319 198 ·17

1147 223 1434 239 mm

1010 283 1030 301 0

315 322 578 372 peritissimos,
608 321 754 372 quippe
784 333 901 372 quem
929 318 1106 358 laborem
1133 325 1295 371 propter
1319 317 1401 358 Nili
1428 317 1698 364 inundationes
1728 320 1887 372 singulis
1909 319 2137 373 quibusque
2157 322 2266 360 annis

314 388 364 428 de
391 391 541 441 integro
572 390 825 440 susciperent,
863 400 994 440 neque
1025 386 1239 440 quidquam
1273 386 1387 426 facile
1422 388 1570 426 maiore
1599 400 1694 425 cura
1722 388 1952 437 excoluisse,
1988 402 2106 441 quam
2137 391 2267 429 omnia

314 470 376 505 ea,
421 469 523 508 quae
560 455 610 494 ad
644 470 725 495 rem
761 459 944 495 rusticam
988 457 1191 508 pertinent.
1266 454 1402 507 Quare
1438 468 1596 507 sperare
1632 453 1748 493 nobis
1782 454 1891 503 licet,
1929 456 2139 509 aliquando
2167 458 2266 505 sore,

312 531 358 563 nt
389 524 540 563 litterae
573 525 859 585 Aegyptiorum
894 523 935 563 id
971 538 1045 563 nos
1084 523 1261 571 doceant,
1298 523 1409 575 quod
1439 523 1601 564 Graecis
1635 522 1731 561 solis
1768 522 2013 571 ducentibus,
2048 529 2266 566 accuratius

314 605 553 646 cognoscere
588 605 788 645 nunquam
825 594 1039 645 possimus,
1073 591 1307 644 futurosque
1336 606 1440 641 esse,
1479 593 1548 644 qui
1576 605 1623 631 ex
1651 592 1737 644 ipsa
1774 606 1911 632 arurae
1940 592 2150 645 superficie
2177 594 2265 635 lon-

313 661 524 714 gitudinem
564 660 685 700 cubiti
720 668 759 700 et
793 661 968 700 faciliore
1009 662 1213 700 restituant
1248 660 1401 699 calculo
1438 666 1477 699 et
1511 659 1560 699 ad
1596 661 1797 699 veritatem
1840 663 2004 713 propius
2043 661 2265 701 accedente.

314 730 483 769 Omnem
512 731 612 769 enim
640 729 690 769 de
718 731 889 768 numeris
916 742 1036 781 supra
1063 731 1201 780 positis
1231 727 1511 768 dubitationem
1539 729 1730 768 sublatam
1759 742 1855 776 esse,
1885 732 1972 780 quis
2002 730 2266 770 contenderit?

312 798 416 836 Inter
450 796 542 836 alias
579 797 828 836 difficultates
867 795 916 835 de
951 796 1023 835 hac
1058 810 1137 835 una
1171 809 1253 835 non
1280 803 1444 843 taceam,
1481 810 1597 847 quam
1624 798 1746 848 ipsius
1775 796 1972 836 Herodoti
1998 798 2119 837 verba
2146 798 2265 838 nobis

311 871 458 917 parant.
516 865 655 905 Totius
683 864 795 904 vallis
825 865 1042 917 Aegyptiae
1079 864 1319 917 superficies,
1350 878 1466 916 quam
1494 863 1739 917 Francogalli
1767 863 2052 917 diligentissime
2082 872 2119 905 et
2147 880 2263 906 accu-

310 936 497 973 ratissime
535 935 680 972 emensi
715 939 816 981 sunt,
852 932 1011 971 inclusis
1047 932 1205 984 quidem
1235 932 1445 980 canalibus,
1481 931 1703 985 paludibus,
1739 932 1839 971 locis
1867 935 2054 981 arenosis,
2091 936 2264 974 continet

311 1003 503 1042 3286000
538 1002 678 1041 hectar.
715 1001 801 1054 gall.
838 1001 904 1051 (cf.
930 1001 1066 1040 Descr.
1096 1000 1146 1040 de
1181 992 1274 1054 1’Eg.
1294 1002 1346 1040 IX
1379 1002 1545 1054 p.109)‚
1593 1003 1675 1040 sive
1712 1002 1858 1049 579‚15
1895 1001 2072 1041 milliaria
2107 1001 2263 1042 boruss.

312 1071 516 1124 quadrata,
556 1084 673 1122 quae,
713 1084 802 1109 cum
838 1084 951 1109 arura
986 1071 1180 1123 Aegyptia
1215 1084 1264 1110 ex
1297 1077 1432 1110 nostra
1468 1071 1759 1122 computatione
1795 1070 1911 1110 fuerit
1947 1069 2083 1110 28446
2117 1070 2262 1123 pedum

309 1141 432 1179 Rhen.
462 1139 609 1190 quadr„
638 1145 806 1189 aequant
842 1139 1052 1181 11727150
1081 1152 1226 1177 aruras.
1282 1139 1362 1176 Iam
1389 1151 1486 1176 vero
1515 1140 1681 1188 scriptor
1709 1139 1770 1186 (11,
1796 1137 1872 1177 164
1902 1143 2030 1190 seqq‚)
2058 1152 2261 1178 numerum

309 1208 471 1247 militum
489 1208 774 1258 Aegyptiorum
802 1205 928 1254 tradit,
958 1219 1060 1257 quos
1089 1208 1122 1245 si
1143 1208 1227 1245 eius
1250 1205 1381 1245 verbis
1401 1205 1603 1245 credentes
1625 1205 1786 1245 410000
1806 1206 1926 1245 fuisse
1945 1209 2142 1254 sumimus,
2171 1221 2262 1258 ager

311 1274 492 1316 omnibus
521 1273 596 1313 illis
626 1272 842 1326 adscriptus
873 1272 1098 1313 continebat
1119 1272 1308 1314 4920000
1338 1286 1482 1322 aruras,
1509 1274 1534 1314 i.
1555 1286 1587 1314 e.
1618 1274 1770 1314 circiter
1789 1273 1821 1328 ξ
1844 1275 1964 1314 totius
1984 1280 2121 1323 terrae,
2150 1273 2262 1327 quod

311 1343 468 1395 quidem
496 1355 577 1381 non
606 1342 833 1389 offenderet,
870 1344 944 1380 nisi
970 1355 1153 1380 numerus
1182 1342 1259 1389 ille,
1295 1344 1364 1394 qui
1391 1341 1639 1394 superficiem
1667 1348 1787 1381 totam
1815 1344 2000 1394 exprimit,
2029 1355 2109 1382 non
2136 1343 2261 1383 multo

308 1414 434 1451 minus
458 1413 625 1463 septima
653 1417 763 1462 parte
791 1410 1062 1449 diminuendus
1091 1417 1194 1450 esset
1221 1418 1385 1462 propter
1412 1411 1576 1462 paludes
1605 1418 1644 1449 et
1671 1411 1826 1449 lacuum
1853 1424 1972 1462 aquas
2001 1412 2259 1462 fluminisque,

310 1488 355 1520 ut
390 1479 465 1520 alia
498 1481 680 1520 omittam.
738 1478 833 1531 Quo
863 1479 966 1519 facto
995 1485 1121 1519 terrae
1150 1478 1276 1519 cultae
1304 1479 1369 1519 vel
1398 1479 1566 1521 colendo
1597 1486 1709 1532 aptae
1738 1494 1784 1520 ea
1811 1487 1956 1520 tantum
1984 1486 2102 1519 restat
2130 1482 2257 1532 copia,

311 1549 422 1587 cuius
459 1547 653 1586 dimidiam
690 1547 771 1586 sere
804 1553 952 1599 partem
989 1547 1128 1587 milites
1162 1545 1419 1600 possederint.
1476 1547 1562 1587 Nec
1596 1554 1724 1587 tamen
1753 1560 1799 1586 ea
1826 1560 1868 1586 re
1897 1546 2136 1600 impedimur,
2173 1560 2255 1600 quo

308 1618 434 1655 minus
470 1616 665 1655 Herodoti
697 1615 828 1655 verbis
859 1629 942 1668 cap.
958 1617 1046 1663 168,
1082 1615 1226 1667 quibus
1256 1629 1392 1655 arurae
1420 1616 1716 1669 magnitudinem
1747 1615 1942 1664 describit,
1976 1618 2159 1655 maiorem
2187 1617 2256 1655 ha-

306 1684 468 1724 beamus
503 1684 632 1732 tidem,
669 1698 786 1736 quam
821 1686 990 1723 numeris
1018 1686 1099 1723 istis
1128 1684 1300 1732 militum,
1329 1698 1417 1724 cum
1445 1687 1671 1737 praesertim
1698 1684 1829 1724 verbis
1866 1683 1948 1740 ,ὅτε
1976 1682 2033 1725 ἐπὶ
2061 1684 2259 1728 πλείστους

308 1752 488 1806 ymnius
526 1756 576 1803 (c.
595 1755 689 1804 165)
718 1760 757 1792 et
786 1752 867 1801 „¹3³2
895 1753 921 1793 ε’.
951 1761 1019 1793 πλ.
1049 1753 1232 1805 {fivia-t?
1260 1755 1311 1803 (c.
1334 1754 1430 1804 166)
1458 1756 1549 1792 satis
1580 1753 1830 1801 demonstret,
1867 1753 1980 1792 malle
2009 1766 2052 1792 se
2080 1753 2155 1792 hos
2184 1767 2258 1792 nu-

307 1834 437 1860 meros
473 1822 576 1860 iusto
611 1823 776 1860 maiores
805 1820 950 1869 haberi,
987 1835 1102 1873 quam
1129 1823 1309 1861 minores.
1365 1820 1483 1861 Addo
1511 1828 1659 1861 tantum
1687 1821 1738 1860 ad
1767 1822 1871 1870 haec,
1910 1821 2023 1873 quod
2050 1820 2259 1861 Diodorus

307 1888 463 1929 Siculus
499 1889 617 1928 refert
652 1890 696 1938 (1,
723 1889 805 1939 7-3),
842 1891 956 1928 trium
991 1891 1167 1941 partium,
1196 1891 1236 1928 in
1265 1903 1362 1941 quas
1392 1891 1516 1929 omnis
1544 1891 1749 1942 Aegyptus
1779 1888 1903 1929 divisa
1930 1890 2058 1937 suerit,
2095 1891 2257 1942 primam

307 1956 578 1997 sacerdotibus
606 1958 725 1996 fuisse
755 1957 996 2009 adscriptam,
1032 1957 1190 1996 alteram
1216 1956 1385 2010 regibus,
1418 1960 1569 1997 tertiam
1598 1956 1784 1997 militibus
1815 1961 1904 2008 (τοῒς
1931 1956 2151 2013 μαχίμοις).
2207 1959 2260 1998 Et

308 2025 457 2078 cap.74
484 2026 580 2065 haec
616 2025 733 2064 habet
768 2025 824 2073 „oc‘
852 2024 919 2077 μὲν
955 2023 1013 2065 οὖν
1047 2023 1200 2078 ’γεωργοὶ
1233 2025 1362 2078 μικροῦ
1397 2041 1485 2069 τινος
1519 2023 1578 2071 τὴν
1614 2024 1844 2080 καρποφὸρον
1880 2025 1946 2079 fir
1973 2026 2034 2072 τὴν
2062 2025 2167 2080 τιμαῖ
2193 2026 2260 2067 τοῦ

306 2092 493 2143 βασιλέως
521 2091 585 2134 καὶ
613 2095 678 2134 τῶν
708 2092 817 2144 ἱερέων
846 2091 910 2134 καὶ
944 2094 1011 2134 τῶν
1038 2093 1227 2145 μαχίμων
1254 2092 1487 2146 μισθούμενοι
1515 2092 1723 2135 διατελοῦσι
1751 2094 1808 2135 τᾶν
1837 2093 1989 2136 ἅπαντα.
2024 2092 2153 2147 χρίνον
2180 2091 2259 2146 περὶ

305 2160 366 2207 τὴν
395 2160 568 2215 ἔργοιο-ἴαν
597 2157 690 2205 ὄντες
716 2162 777 2206 τῆς
804 2160 933 2215 χώρας
961 2162 1055 2201 etc.⁷'
1102 2162 1195 2214 Qua
1223 2176 1270 2201 ex
1296 2176 1340 2201 re
1366 2169 1538 2214 apparet,
1565 2176 1648 2203 non
1668 2162 1929 2214 quaerendam
1948 2176 2033 2202 esse
2053 2169 2254 2214 praeterea

307 2237 483 2282 quartam
518 2237 644 2269 terrae
681 2237 841 2281 partem,
881 2244 982 2282 quae
1018 2231 1216 2270 hominum
1251 2232 1486 2270 rusticorum
1520 2230 1645 2277 fuerit,
1682 2229 1752 2268 sed
1788 2233 1979 2269 contentis
2017 2242 2103 2269 esse
2135 2229 2258 2269 nobis

305 2299 435 2347 licere,
463 2300 497 2337 si
526 2299 605 2350 agri
632 2297 803 2336 militaris
834 2311 1020 2337 summam
1049 2312 1071 2337 a
1099 2301 1210 2339 tertia
1237 2298 1318 2338 fere
1347 2300 1468 2338 totius
1498 2300 1577 2350 agri
1603 2298 1736 2339 fertilis
1766 2305 1875 2349 parte
1904 2310 1986 2337 non
2004 2299 2115 2337 nimis
2136 2297 2254 2350 longe

306 2366 507 2406 discedere
541 2367 809 2406 invenerimus.
866 2365 1006 2417 Neque
1042 2367 1143 2404 enim
1178 2365 1219 2403 id
1253 2368 1345 2404 satis
1381 2372 1497 2417 patet,
1531 2378 1635 2412 num,
1672 2378 1768 2416 quas
1805 2372 1934 2417 partes
1970 2371 2096 2404 terrae
2132 2366 2254 2405 fuisse

304 2443 434 2474 narrat
461 2434 676 2481 Diodorus,
705 2436 804 2472 inter
832 2447 873 2472 se
902 2447 1015 2485 pares
1043 2434 1185 2472 fuerint
1211 2447 1345 2471 necne.

494 2501 651 2555 Quibus
681 2503 866 2554 expositis
889 2503 963 2541 iam
992 2500 1041 2541 ad
1069 2502 1265 2554 inceptum
1284 2499 1417 2541 redeo.
1461 2500 1631 2541 Samium
1651 2499 1824 2540 cubitum
1845 2516 1934 2541 cum
1951 2500 2252 2542 intellexerimus

306 2570 471 2610 eundem
501 2584 586 2610 esse
623 2584 668 2610 ac
695 2570 978 2623 Babylonium,
1015 2570 1138 2610 altero
1167 2569 1260 2610 loco
1290 2569 1554 2622 quaerendum
1583 2576 1658 2618 est,
1695 2576 1862 2621 quantus
1899 2570 2015 2610 fuerit
2045 2572 2083 2619 „o‘
2113 2570 2255 2624 μέτριος

304 2626 451 2689 wigo?
469 2639 675 2686 Herodoti,
705 2653 821 2690 quem
848 2640 875 2685 Ι,
897 2641 972 2681 178
1003 2653 1090 2678 cum
1109 2638 1333 2689 Babylonio
1364 2646 1572 2690 comparat.
1621 2639 1711 2689 Qua
1739 2641 1779 2677 in
1806 2652 1849 2677 re
1879 2638 1929 2678 ad
1946 2639 2138 2679 Boeckhii
2166 2654 2255 2680 sen-

303 2707 459 2747 tentiam
487 2718 649 2759 prorsus
679 2695 837 2754 accedo,
868 2707 935 2758 qui
964 2719 986 2745 a
1015 2705 1258 2747 Graecorum
1286 2705 1435 2759 vulgari
1463 2705 1596 2746 cubito
1626 2706 1729 2747 hunc
1758 2708 1918 2748 omnino
1948 2721 2031 2749 non
2059 2707 2251 2749 diversum

304 2776 422 2813 fuisse
452 2776 647 2812 existimat.
703 2775 838 2825 Itaque
874 2776 913 2811 in
942 2779 1078 2812 nostro
1109 2773 1367 2812 duo.tantu1n
1396 2775 1610 2813 invenimus
1640 2774 1863 2814 cubitorum
1893 2789 2042 2829 genera,
2083 2788 2251 2827 quorum

304 2851 433 2883 utrum
462 2842 600 2894 singuli
630 2844 776 2893 quique
806 2842 884 2882 loci
913 2841 1127 2890 exhibeant,
1156 2844 1196 2881 in
1225 2842 1478 2893 sequentibus
1509 2843 1780 2896 exploraturus
1811 2859 1904 2883 sum.

1873 2918 1901 2954 C
