2572 3423
1244 150 1300 193 16

295 320 457 357 versitas
490 321 530 357 in
559 316 697 356 oculos
727 314 894 355 caderet.
951 314 1031 355 Sed
1059 315 1137 354 hoc
1165 315 1270 362 loco,
1307 317 1347 354 in
1378 329 1459 367 quo
1488 329 1593 355 nunc
1620 329 1830 365 versamur,
1866 325 2006 367 narrat,
2037 332 2137 371 quae
2165 323 2251 360 iura

295 389 442 438 quique
474 387 644 424 honores
673 385 817 424 fuerint
845 384 998 423 militari
1026 385 1311 436 Aegyptiorum
1322 384 1470 423 *ordini
1499 384 1679 434 (eandem
1707 398 1788 423 rem
1816 394 2007 426 narratam
2035 390 2250 427 invenimus

293 455 336 500 Π,
361 453 454 503 141)
491 453 549 492 his
579 452 710 492 verbis
741 451 873 505 ,,γε’ρεα,
901 452 944 492 δέ
967 458 1038 506 σφι
1057 450 1095 497 ἧν
1119 451 1207 492 valde
1228 451 1491 507 ἐξαραιρημένα
1511 451 1672 504 μούνοισι
1693 452 1897 506 Αἰγυπτίων
1919 453 2037 511 πάρεξ
2056 455 2123 496 τῶν
2148 454 2251 509 ἱρέων,

292 519 441 572 ἱρουραι
467 520 636 575 ἐξαίρετοι
663 520 828 560 δυώδεκα.
856 519 1000 574 ἓκοίστῳ
1030 519 1185 562 ἀτελέες.
1224 523 1245 564 ἡ
1271 519 1309 560 δὲ
1335 515 1471 573 οἶρουραι
1493 520 1620 562 ἑκατδν
1639 519 1785 573 πηχέων
1806 520 1880 562 ἔστ)
1898 522 2102 575 Αἰγυπτίων
2122 523 2250 580 πέντῃ,

292 593 307 630 ὁ
338 586 376 630 δὲ
409 585 606 641 Αἰγύπτιος
635 588 763 640 πῆχυς
787 587 970 642 τυγχάνει
1001 587 1072 632 ἴσος
1103 586 1164 630 ε’ὠι·
1195 589 1245 642 τῷ
1267 588 1438 643 Σαμίῳ.”
1485 590 1621 642 Itaque
1645 603 1815 631 errorem
1835 592 1926 631 satis
1945 604 2123 645 magnum
2144 605 2250 633 com-

293 659 479 697 missurus
509 663 622 705 esset,
653 659 721 709 qui
749 658 820 696 hac
848 659 888 697 in
917 670 960 697 re
990 657 1164 697 cubitum
1193 657 1390 710 vulgarem
1420 671 1508 696 cum
1529 657 1663 698 cubito
1683 660 1818 697 maiori
1838 659 2104 699 confunderet.
2153 659 2249 711 Quo

294 733 418 765 autem
456 726 622 765 consilio
660 733 697 764 et
734 739 903 776 quorum
933 728 1022 764 usui
1050 726 1174 765 libros
1204 739 1297 765 suos
1333 726 1562 765 Herodotus
1592 729 1833 778 composuit?
1886 727 2134 767 Graecorum
2164 730 2247 767 sine

292 793 426 832 dubio.
482 794 531 832 Et
561 793 656 844 quid
685 793 861 832 Graecus
898 794 1030 841 homo,
1060 794 1117 832 his
1146 793 1276 832 verbis
1305 793 1368 832 vel
1398 794 1536 832 auditis
1565 794 1627 832 vel
1655 794 1777 842 lectis,
1807 796 1934 832 animo
1964 794 2039 833 sibi
2077 795 2243 834 ficturus

291 862 446 909 fuisset,
484 863 516 900 si
551 863 737 913 scriptum
774 860 828 900 ibi
864 868 965 900 esset
1003 860 1152 909 „e‘naerdv
1185 862 1333 911 πηχέων
1363 858 1437 901 ἐστὶ
1464 859 1620 917 ποίντῃῗ”
1663 862 1780 901 Suam
1817 875 2035 901 mensuram
2071 863 2126 901 ibi
2163 877 2248 902 esse

294 943 513 982 expressam
548 936 714 981 putaret,
751 929 946 969 Graecum
983 942 1054 967 seu
1090 929 1346 982 Olympicum
1382 942 1453 968 seu
1486 930 1683 982 vulgarem
1721 930 1905 969 cubitum.
1961 932 2065 983 Ergo
2100 933 2132 969 si
2162 934 2248 983 quis

295 999 529 1038 concesserit
559 997 804 1036 Herodotum
834 997 909 1036 hoc
939 1010 1019 1036 uno
1049 997 1174 1036 verbo
1203 996 1407 1049 Αἰγυπτίων
1437 997 1683 1037 auditoribus
1711 998 1913 1046 indicasse,
1952 1013 2023 1038 sua
2050 1001 2247 1047 interesse,

290 1073 332 1105 ut
361 1079 543 1106 errorem.
562 1066 730 1118 aliquem
759 1065 808 1105 ab
839 1078 976 1105 eorum
1005 1068 1138 1105 animis
1158 1065 1396 1114 defenderet,
1426 1079 1515 1105 eum
1543 1080 1754 1119 speramus,
1783 1080 1864 1106 non
1884 1081 1969 1107 esse
1989 1068 2111 1107 ullum
2132 1068 2248 1107 alium

292 1147 475 1182 errorem,
514 1147 630 1185 quem
666 1134 887 1173 evitandum
922 1147 1149 1186 proponere
1185 1134 1260 1173 sibi
1295 1137 1477 1186 potuerit,
1513 1147 1593 1173 non
1627 1148 1711 1173 esse
1739 1142 1977 1187 negaturum.
2034 1137 2104 1174 His
2133 1137 2248 1187 igitur

294 1203 343 1242 de
374 1204 512 1248 causis,
544 1202 718 1241 cubitum
746 1203 824 1242 hoc
851 1202 944 1242 loco
965 1203 1203 1255 Aegyptium
1232 1202 1468 1254 appellatum
1496 1202 1712 1242 iudicamus
1738 1217 1759 1242 a
1779 1202 1935 1243 Graeco
1965 1205 1987 1242 i.
2003 1217 2035 1242 e.
2060 1217 2080 1242 a
2099 1203 2248 1255 vulgari

292 1269 487 1310 diversum
524 1283 620 1318 esse,
657 1275 695 1309 et
731 1283 829 1319 cum,
865 1269 923 1310 his
959 1268 1090 1310 verbis
1126 1270 1357 1322 praemissis,
1392 1269 1620 1309 Herodotus
1657 1269 1770 1319 dicat,
1804 1272 2041 1324 Aegyptium
2075 1269 2246 1309 cubitum

292 1352 423 1391 parem
454 1351 540 1377 esse
559 1339 704 1385 Samio,
732 1338 823 1377 inde
854 1338 1018 1385 demum,
1049 1339 1220 1377 Samium
1249 1338 1425 1377 cubitum
1454 1339 1570 1376 alium
1601 1352 1646 1376 ac
1666 1339 1861 1378 Graecum
1881 1340 2001 1377 fuisse
2021 1341 2208 1389 sequitur.

480 1407 541 1444 Ne
576 1412 715 1457 postea
751 1406 800 1444 ad
838 1406 938 1444 hanc
965 1419 1046 1444 rem
1075 1405 1191 1444 nobis
1220 1409 1269 1444 sit
1297 1406 1553 1453 redeundum,
1590 1409 1725 1453 statim,
1756 1421 1857 1458 quae
1887 1407 1936 1445 de
1965 1408 2038 1444 hac
2067 1420 2247 1458 agrorum

288 1489 469 1515 mensura
505 1473 670 1514 dicenda
706 1481 806 1522 sunt,
845 1473 1051 1514 absolvere
1088 1473 1194 1513 haud
1229 1474 1396 1515 alienum
1432 1473 1597 1513 videtur.
1655 1474 1828 1515 Eandem
1860 1489 1941 1515 rem
1968 1474 2030 1514 bis
2060 1489 2081 1514 a
2110 1481 2246 1514 nostro

288 1543 424 1583 referri
460 1542 521 1592 (11,
547 1541 617 1580 141
653 1548 691 1580 et
724 1542 819 1593 168)
855 1548 967 1580 antea
1005 1541 1095 1587 dixi;
1135 1541 1204 1580 sed
1240 1543 1363 1594 priori
1398 1542 1467 1580 illo
1497 1541 1590 1580 loco
1621 1544 1748 1581 omisit
1777 1542 1918 1589 dicere,
1957 1548 2101 1594 quanta
2129 1542 2247 1580 fuerit

288 1613 353 1652 illa
383 1608 529 1663 ἄρουραι,
561 1624 677 1662 quam
705 1609 824 1649 modo
854 1609 1060 1650 didicimus
1089 1611 1214 1650 forma
1243 1610 1431 1662 quadrata
1455 1610 1587 1658 fuisse,
1617 1617 1655 1649 et
1675 1613 1913 1650 continuisse
1937 1612 2069 1649 10000
2090 1610 2245 1649 cubitos

288 1683 453 1720 maiores
483 1678 708 1731 quadratos.
764 1679 852 1727 Iam,
883 1693 971 1718 cum
1000 1678 1217 1718 secundum
1245 1679 1488 1719 Boeckhium
1518 1678 1675 1718 cubitus
1705 1681 1828 1718 maior
1850 1680 2147 1732 Aegyptiorum,
2177 1680 2247 1730 qui

291 1764 362 1802 par
396 1750 512 1788 fuerit
546 1748 773 1800 Babylonio
815 1750 941 1801 regio,
986 1747 1273 1800 comparandus
1309 1750 1358 1786 sit
1399 1746 1553 1793 1,6866‘
1575 1748 1698 1786 Rhen.
1733 1766 1776 1783 =
1802 1748 1977 1795 0‚52934
2012 1748 2120 1786 metr.
2147 1746 2245 1799 gall„

289 1818 390 1856 latus
426 1831 564 1856 arurae
601 1820 663 1867 (ut
698 1817 774 1856 hoc
811 1815 936 1856 verbo
975 1820 1080 1867 utar)
1114 1817 1187 1855 fuit
1222 1835 1265 1851 =
1296 1818 1374 1854 100
1409 1815 1499 1855 cub.
1527 1818 1612 1855 mai.
1642 1815 2005 1863 =168,66‘Rhen.
2034 1834 2077 1850 =
2098 1814 2245 1862 52‚934

288 1887 396 1925 metr.
426 1885 524 1937 gam
570 1892 608 1924 et
644 1899 758 1924 arura
800 1886 886 1937 ipsa
921 1903 964 1919 =
995 1883 1130 1924 28446
1167 1884 1256 1936 ped.
1285 1884 1409 1923 Rhen.
1440 1883 1576 1935 quadr.
1606 1902 1649 1919 =
1678 1885 1851 1932 2802‚03
1888 1885 1995 1923 metr.
2026 1883 2160 1935 quadr.
2193 1905 2241 1912 —

289 1956 425 2005 Itaque
462 1954 536 1992 fuit
574 1955 725 1992 circiter
765 1956 820 2000 1,1
862 1955 946 1992 eius
983 1966 1200 2000 mensurae,
1238 1966 1354 2004 quam
1390 1966 1480 1992 nos:
1521 1956 1692 2007 Morgen
1726 1965 1912 1991 vocamus
1941 1954 2063 2003 (quae
2092 1958 2245 1991 constat

290 2024 427 2062 25920
456 2021 626 2074 pedibus
655 2021 778 2060 Rhen.
809 2021 975 2073 quadr.).
1033 2020 1204 2072 Singulis
1238 2020 1424 2059 militibus
1459 2034 1560 2071 quae
1597 2020 1814 2072 adscriptae
1850 2020 2008 2059 fuerunt
2037 2019 2244 2060 duodenae

289 2104 438 2137 arurae,
469 2096 639 2141 aequant
668 2091 820 2128 circiter
853 2090 940 2136 13‚2
971 2089 1086 2127 huius
1116 2095 1272 2127 nostrae
1292 2101 1507 2127 mensurae.
1531 2111 1579 2118 —
1618 2089 1710 2127 Non
1729 2088 1892 2126 multum
1912 2088 1961 2127 ab
1982 2088 2039 2126 his
2060 2087 2245 2127 differunt

287 2163 313 2198 ii
343 2161 505 2205 numeri,
536 2171 638 2209 quos
669 2156 861 2197 Girardus
890 2156 1053 2208 protulit
1083 2157 1148 2206 (cs.
1175 2157 1311 2195 Descr.
1339 2157 1388 2196 de
1416 2147 1511 2209 l’Eg.
1532 2156 1634 2204 VIII,
1663 2156 1792 2209 p.145
1823 2160 1960 2208 seqq.).
2018 2157 2103 2204 Hic,
2133 2156 2243 2195 aliam

288 2231 386 2266 viam
415 2233 587 2273 secutus,
616 2225 792 2264 cubitum
821 2227 1058 2277 Aegyptium
1088 2227 1203 2264 sumit
1230 2225 1352 2264 fuisse
1382 2226 1499 2272 0‚525
1521 2225 1628 2264 metr.
1649 2225 1734 2277 gall.
1765 2228 1824 2275 (=
1847 2225 2000 2273 1‚6728'
2017 2225 2171 2275 Rhen.),
2200 2231 2244 2263 ut

291 2309 405 2333 arura
432 2296 549 2333 fuerit
578 2289 752 2341 2756‚2'5
783 2293 892 2331 metr.
914 2292 1063 2343 quadr„
1094 2291 1203 2344 quod
1233 2299 1374 2344 aequat
1404 2293 1538 2335 27983
1567 2293 1655 2345 ped.
1675 2294 1798 2333 Rhen.
1819 2293 1953 2346 quadr.
1985 2317 2034 2324 —
2080 2293 2242 2339 Omitto,

289 2376 338 2402 ne
369 2363 509 2414 longus
538 2361 639 2408 fiam,
671 2374 788 2412 quem
816 2362 1022 2398 instituerit
1051 2360 1244 2398 calculum
1272 2362 1571 2412 ingeniosiorem
1601 2375 1717 2412 quam
1740 2363 1943 2408 veriorem,
1972 2369 2016 2399 ut
2044 2360 2242 2412 probaret,

287 2435 326 2471 in
356 2430 567 2483 superficie
587 2428 729 2467 baseos
759 2428 970 2481 pyramidis
1000 2431 1183 2468 maximae
1203 2436 1383 2468 accurate
1400 2443 1618 2481 expressam
1639 2443 1725 2468 esse
1744 2430 1848 2468 illam
1869 2429 1992 2468 cubiti
2011 2442 2240 2474 mensuram,

289 2508 326 2539 et
360 2506 571 2552 propterea
605 2502 754 2536 tantum
789 2496 887 2536 hanc
922 2510 1002 2536 rem
1037 2496 1175 2536 leviter
1209 2504 1338 2549 tango,
1376 2499 1468 2548 quia
1495 2498 1568 2536 Vir
1598 2497 1750 2544 doctus,
1786 2503 1830 2536 ut
1859 2509 1907 2536 eo
1939 2509 2020 2548 quo
2050 2496 2125 2536 dixi
2154 2509 2242 2548 per-

289 2570 447 2614 veniret,
477 2573 636 2607 coactus
666 2565 751 2614 fuit,
780 2577 921 2605 novam
951 2572 989 2605 et
1017 2567 1202 2604 maiorem
1231 2564 1307 2604 sibi
1334 2565 1482 2617 fingere
1511 2578 1675 2613 aruram,
1705 2578 1750 2603 ex
1772 2564 1847 2613 illa,
1879 2579 1994 2617 quam
2014 2565 2241 2605 Herodotus

291 2637 495 2685 descripsit
532 2639 715 2683 (,‚amure
740 2635 995 2688 primitive”),
1032 2636 1171 2685 partim
1208 2633 1362 2672 calculo
1392 2635 1528 2684 partim
1560 2636 1850 2673 constructione
1878 2637 2112 2687 geometrica
2140 2634 2241 2673 deri-

289 2712 427 2751 vatam,
465 2716 582 2755 quam
610 2704 708 2743 inter
737 2709 774 2743 et
808 2704 980 2756 priorem
1007 2703 1107 2743 ratio
1137 2702 1397 2742 intercesserit
1427 2699 1506 2744 49:
1524 2702 1585 2742 25.
1618 2725 1666 2733 —
1712 2702 1870 2743 Errasse
1900 2703 2011 2743 etiam
2039 2701 2241 2743 Iomardus

287 2772 460 2818 videtur,
513 2772 581 2823 qui
625 2771 811 2808 minorem
854 2771 1029 2810 cubitum
1072 2772 1141 2820 (=
1171 2770 1318 2817 0,4618
1361 2771 1468 2808 metr.
1508 2771 1619 2822 gall.)
1662 2772 1752 2809 huic
1789 2784 1993 2810 mensurae
2033 2772 2242 2822 supposuit

288 2843 353 2889 (cs.
382 2842 519 2879 Descr.
540 2839 590 2878 de
610 2829 705 2891 l’Eg.
735 2840 820 2884 Vll,
849 2839 978 2890 p.2t4
1010 2847 1046 2878 et
1076 2840 1186 2888 355).
1242 2839 1300 2876 Ex
1328 2840 1374 2876 iis
1404 2846 1541 2886 autem,
1572 2853 1674 2890 quae
1702 2847 1869 2890 uterque
1898 2854 2034 2879 eorum
2067 2840 2241 2876 virorum

291 2911 480 2961 exposuit,
519 2907 559 2946 id
603 2909 767 2946 maxime
808 2906 1058 2959 probandum
1095 2913 1164 2953 est,
1201 2908 1283 2945 sine
1321 2906 1443 2947 dubio
1479 2909 1696 2960 Aegyptios
1735 2921 1868 2960 agrum
1904 2905 2086 2946 metiendi
2121 2906 2240 2943 fuisse
