2572 3423
1278 176 1306 220 5

1145 247 1432 262 mmmfim

311 341 456 381 iamdiu
483 345 582 381 inter
602 355 737 380 omnes
757 341 979 380 obtinerent
1008 354 1231 380 communes
1253 348 1291 380 et
1311 340 1496 380 definitae
1514 354 1729 388 mensurae,
1759 340 1985 380 nominibus
2014 346 2161 379 tantum
2191 339 2267 378 illis

314 412 480 461 antiquis
510 410 681 447 servatis.

498 476 589 514 Huc
617 475 777 524 accedit,
808 475 918 527 quod
946 477 986 514 in
1015 475 1098 514 aliis
1128 475 1362 527 quibusdam
1390 477 1592 523 mensuris,
1622 489 1735 526 quae,
1764 475 1855 514 licet
1882 490 1953 527 per
1974 490 2016 515 se
2035 489 2117 515 non
2138 481 2268 514 essent

312 549 480 589 exactae,
515 550 642 582 tamen
680 546 719 582 in
749 545 919 582 omnium
949 542 1235 582 consuetudine
1272 549 1380 582 erant
1414 550 1451 582 et
1479 557 1565 591 usu,
1594 542 1715 595 paulo
1747 544 1964 581 accuratius
1994 541 2266 594 computandis

312 623 465 663 semper
493 610 568 650 sibi
597 613 767 650 constitit
797 610 1037 649 Herodotus.
1093 611 1160 659 Ita,
1189 610 1259 650 ubi
1288 611 1338 650 de
1366 612 1439 650 viis
1459 624 1586 650 sermo
1608 617 1677 659 est,
1706 624 1916 663 nunquam,
1936 616 2066 648 utrum
2084 616 2266 649 terrestre

311 681 385 718 iter
427 692 476 718 an
516 679 733 732 navigando
772 681 988 719 institutum
1018 666 1154 731 >accipi
1190 679 1300 726 velit,
1341 682 1480 718 omittit
1525 679 1766 727 adscribere,
1808 692 1976 730 quorum
2009 677 2107 717 illud
2140 678 2265 717 verbo

313 746 390 790 ὸὸός
418 761 571 800 semper
597 747 751 796 indicat,
781 748 859 787 hoc
887 746 1013 787 verbo
1044 746 1168 795 πλόοι,
1199 749 1312 787 etiam
1342 747 1538 797 ἀνάπλοος,
1566 747 1636 788 ubi
1666 747 1716 788 de
1744 748 1903 787 flumine
1931 746 2077 799 aliquid
2103 745 2265 786 dicatur.

312 816 588 868 Exemplorum
626 830 726 868 quae
762 819 801 855 in
835 822 1023 868 promptu
1056 822 1156 863 sunt,
1193 829 1298 855 nunc
1334 817 1620 856 evidentissima
1648 822 1794 855 tantum
1825 816 1949 855 affero
1978 815 2076 864 (ὀὸδς
2104 822 2143 854 et
2170 812 2267 856 dvo(-

311 893 424 927 πλοος
459 884 731 923 discernuntur
759 886 804 932 11,
826 886 869 932 9,
900 884 978 926 ὁδός
1007 891 1046 923 et
1074 882 1186 927 πλόος
1218 885 1263 932 11,
1284 886 1356 930 31;
1395 885 1458 932 111,
1482 887 1549 930 18;
1579 884 1721 923 diurno
1757 886 1895 923 itinere
1930 886 2103 923 terrestri
2140 896 2264 934 quan·

311 960 393 992 tum
420 954 506 991 viae
534 952 771 997 absolvatur,
801 952 893 992 dicit
920 953 989 1000 IV,
1014 955 1106 997 101;
1138 959 1323 1004 quantum
1354 952 1493 992 diurna
1511 954 1769 1005 navigatione,
1797 951 1866 999 IV,
1888 952 1971 1003 86),
2002 965 2089 990 cum
2111 950 2160 990 de
2180 952 2265 990 uni-

311 1033 424 1059 versa
450 1021 521 1058 hac
548 1033 591 1058 re
620 1020 713 1059 alias
742 1020 901 1059 uberius
931 1019 1119 1072 agendum
1150 1022 1208 1059 sit.
1264 1021 1389 1060 Etiam
1418 1023 1539 1059 maius
1568 1027 1702 1059 exacte
1729 1018 1987 1059 ratiocinandi
2019 1018 2190 1058 studium
2219 1031 2266 1057 ex

312 1089 417 1127 hisce
451 1088 581 1127 verbis
615 1090 871 1140 agnoscimus,
909 1095 951 1127 ut
989 1088 1150 1149 ,ggzw'vq
1184 1088 1288 1130 ‹383st
1321 1090 1366 1138 (Ι,
1389 1088 1572 1135 72‚104;
1601 1089 1647 1135 11,
1668 1088 1757 1138 δίη)
1793 1095 1831 1127 et
1866 1087 2011 1142 „eipso-(35
2045 1087 2266 1139 χρεωμένῳ”

312 1157 357 1204 (Ι,
379 1157 476 1202 203ς
510 1157 555 1204 11,
588 1158 685 1207 113).
742 1156 835 1195 Non
875 1156 994 1195 semel
1029 1163 1232 1208 praeterea
1266 1156 1424 1195 multam
1463 1169 1623 1207 operam
1661 1158 1854 1194 consumit
1887 1158 1927 1194 in
1963 1155 2121 1194 calculis
2156 1156 2264 1194 insti-

312 1222 477 1270 tuendis,
507 1236 554 1261 ex
582 1223 726 1275 quibus
757 1236 857 1274 quae
885 1222 1094 1275 prodeunt,
1124 1237 1359 1275 quamquam
1389 1222 1583 1262 interdum
1612 1222 1708 1262 falsa
1737 1229 1837 1270 sunt,
1865 1229 1994 1261 tamen
2018 1222 2122 1261 baud
2150 1222 2264 1261 facile

314 1291 580 1330 demonstrent
614 1291 797 1329 mendum
832 1293 871 1329 in
908 1293 996 1342 ipso
1027 1292 1180 1331 calculo
1209 1291 1433 1344 peragendo
1464 1293 1723 1338 commissum,
1760 1290 1830 1329 sed
1860 1290 1969 1342 quod
1998 1292 2038 1329 in
2067 1290 2265 1330 elementis

279 1384 283 1387 -
314 1361 350 1398 ei
378 1360 593 1411 suppositis
621 1358 737 1397 lateat
765 1359 860 1407 (hoc
888 1359 1031 1397 factum
1062 1366 1121 1398 est
1139 1361 1179 1398 in
1198 1367 1293 1398 nota
1311 1359 1376 1398 illa
1394 1360 1511 1398 Ponti
1530 1360 1670 1398 Euxini
1691 1358 1942 1406 dimensione,
1962 1359 2031 1406 IV,
2052 1360 2103 1398 85
2125 1361 2264 1410 seqq).

314 1426 533 1479 Quomodo
564 1433 703 1474 autem,
740 1440 900 1478 quaeso,
934 1427 1021 1466 fieri
1049 1430 1233 1481 potuerit,
1263 1436 1306 1467 ut
1333 1431 1393 1467 vir
1420 1427 1566 1468 iudicio
1596 1434 1635 1466 et
1662 1426 1764 1466 bene
1794 1426 2054 1479 distinguendi
2081 1427 2264 1466 facultate

314 1497 473 1534 omnino
510 1508 591 1534 non
627 1508 776 1547 expers,
811 1495 907 1534 tales
937 1497 1153 1535 institueret
1188 1496 1372 1544 calculos,
1410 1497 1586 1548 quamvis
1615 1509 1680 1535 eas
1709 1508 1919 1543 mensuras,
1948 1494 2091 1547 quibus
2120 1497 2261 1534 nitere-

314 1571 389 1610 tur,
434 1565 550 1602 sciret
590 1570 666 1601 tam
709 1565 971 1602 inconstantes
1011 1577 1097 1603 esse
1139 1571 1178 1603 et
1219 1571 1295 1603 tam
1340 1563 1490 1610 dubias,
1526 1571 1569 1602 ut
1603 1566 1643 1602 in
1678 1566 1723 1602 iis
1760 1562 1951 1601 calculum
1987 1569 2135 1601 struere
2168 1576 2262 1614 pro·

313 1631 486 1670 habilem
520 1631 622 1670 idem
657 1631 738 1669 fere
776 1638 878 1670 esset
908 1639 1025 1682 atque
1055 1632 1185 1671 oleum
1215 1645 1454 1684 operamque
1483 1631 1669 1684 perdere?
1706 1632 1944 1670 Existimavit
1972 1633 2103 1682 potius
2132 1631 2262 1669 Hero-

314 1698 443 1746 dotus,
478 1712 677 1738 mensuras
714 1712 789 1746 eaS,
827 1712 924 1750 quas
960 1706 1025 1738 aut
1058 1702 1143 1751 ipse
1179 1698 1417 1738 aestimando
1454 1706 1491 1738 et
1525 1698 1720 1738 metiendo
1755 1701 1965 1746 invenerat,
1999 1705 2065 1737 aut
2095 1712 2142 1737 ex
2179 1698 2263 1736 aliis

315 1767 524 1815 audiverat,
554 1773 737 1806 accurato
768 1767 919 1806 cuidam
948 1769 1147 1820 systemati
1175 1771 1236 1817 (ut
1264 1768 1340 1806 hoc
1358 1767 1483 1807 verbo
1504 1771 1608 1818 utar)
1630 1780 1715 1807 esse
1737 1766 2061 1814 accommodatas,
2090 1765 2263 1817 indeque

313 1849 430 1874 ausus
460 1842 518 1873 est
546 1835 644 1873 alios
672 1835 940 1874 ratiocinando
971 1849 1157 1887 quaerere
1186 1849 1380 1875 numeros.

501 1903 613 1940 Hanc
640 1904 755 1954 igitur
783 1905 1020 1949 sententiam,
1051 1917 1151 1954 quae
1178 1906 1289 1941 nimis
1318 1917 1492 1956 magnam
1520 1906 1671 1942 auctori
1699 1910 1836 1941 nostro
1865 1905 2029 1954 imputat
2058 1902 2264 1941 ruditatem

315 1978 353 2010 et
380 1970 657 2022 negligentiam,
692 1984 778 2009 cum
808 1969 979 2021 probare
1001 1983 1082 2010 non
1109 1973 1317 2023 possimus,
1347 1973 1460 2010 etiam
1489 1971 1612 2010 multo
1641 1973 1760 2023 magis
1790 1971 2007 2010 cavendum
2037 1973 2120 2017 erit,
2147 1983 2196 2008 ne
2226 1972 2266 2008 in

314 2038 471 2077 alteram
506 2045 654 2090 partem
684 2038 809 2089 plenis
837 2038 933 2077 velis
968 2037 1121 2077 devecti
1148 2038 1395 2078 Herodotum
1423 2052 1617 2091 ponamus
1646 2046 1713 2078 aut
1741 2041 1869 2091 ipsum
1899 2041 2028 2079 omnia
2056 2040 2264 2078 accuratis-

316 2110 411 2146 sime
441 2119 638 2145 emensum
668 2119 765 2154 esse,
803 2113 868 2145 aut
897 2109 949 2145 ita
978 2105 1028 2145 ab
1058 2106 1142 2145 aliis
1170 2109 1379 2160 accepisse,
1415 2107 1521 2147 unde
1548 2114 1746 2161 sequatur,
1782 2114 1836 2156 ut,
1870 2108 1904 2147 si
1932 2119 2034 2160 quae
2061 2119 2265 2146 mensurae

316 2178 433 2228 quive
462 2177 613 2214 numeri
641 2174 690 2214 ab
721 2188 769 2214 eo
798 2174 927 2214 traditi
955 2177 1066 2214 nimis
1095 2175 1211 2228 longe
1239 2175 1424 2216 recedere
1453 2175 1657 2216 videantur
1686 2190 1709 2215 a
1736 2178 1908 2224 veritate,
1938 2190 2006 2216 eos
2036 2183 2101 2215 aut
2124 2176 2263 2214 iniuria

313 2251 531 2295 temporum
560 2243 738 2282 turbatos
768 2257 855 2282 esse
884 2251 919 2282 et
949 2250 1157 2295 corruptos
1187 2244 1412 2291 iudicemus,
1442 2251 1508 2283 aut
1535 2246 1694 2283 omnino
1715 2243 1872 2294 quidem
1891 2243 2054 2295 probos,
2083 2243 2153 2282 sed
2174 2245 2262 2294 qui-

312 2311 399 2360 bus,
428 2318 472 2351 ut
499 2318 604 2351 recte
632 2311 902 2363 intelligantur,
932 2326 1046 2364 sagax
1076 2319 1114 2351 et
1142 2314 1289 2364 peritus
1318 2314 1507 2365 interpres
1536 2314 1584 2351 sit
1613 2310 1905 2364 exspectandus.
1953 2312 2095 2363 Neque
2124 2311 2263 2351 deesse

313 2382 354 2419 in
387 2379 495 2419 libris
532 2381 633 2426 eius,
678 2378 727 2417 de
764 2378 909 2430 quibus
953 2380 1051 2419 locis
1087 2380 1163 2419 hoc
1199 2393 1350 2420 summo
1392 2382 1476 2419 iure
1512 2378 1738 2426 contendas,
1774 2381 1922 2419 etiamsi
1956 2381 2112 2419 minime
2147 2393 2264 2432 nega·

313 2450 445 2495 verim,
482 2454 610 2486 tamen
646 2449 758 2485 etiam
795 2453 912 2498 atque
946 2449 1057 2485 etiam
1087 2460 1232 2486 censeo
1259 2447 1504 2486 reiiciendam
1534 2461 1619 2486 esse
1654 2449 1881 2486 sententiam
1920 2448 2037 2495 illam,
2073 2462 2185 2499 quae,
2220 2454 2264 2486 ut

312 2515 513 2556 utilissima
541 2529 628 2554 cum
657 2517 991 2567 perniciosissimis
1021 2517 1227 2554 coniuncta
1254 2529 1341 2555 esse
1369 2516 1506 2563 solent,
1543 2528 1625 2566 quo
1661 2517 1846 2554 maiorem
1873 2517 1952 2553 vim
1980 2514 2096 2553 habet
2125 2515 2174 2553 ad
2203 2517 2263 2553 in—

314 2584 425 2635 genia
459 2583 658 2621 hominum
692 2582 867 2621 acuenda
897 2589 935 2621 et
963 2582 1189 2631 exercenda,
1223 2590 1332 2623 tanto
1360 2583 1511 2622 facilius
1541 2583 1669 2622 effecit
1698 2589 1737 2621 et
1764 2584 1931 2634 saepius,
1968 2589 2011 2621 ut
2038 2583 2127 2622 Viri
2155 2582 2264 2622 docti

313 2653 353 2690 in
390 2663 543 2689 errores
578 2650 793 2689 inciderent
827 2653 1024 2698 maximos,
1061 2665 1162 2702 quos
1197 2658 1491 2703 perseveranter
1519 2652 1713 2703 persecuti
1741 2649 2006 2702 labyrinthum
2036 2653 2150 2703 quasi
2178 2654 2265 2703 opi—

313 2721 475 2758 nionum
504 2724 778 2765 exstruxerunt,
815 2732 886 2769 per
915 2732 1030 2769 quem
1066 2725 1108 2757 ut
1135 2720 1235 2756 viam
1264 2717 1334 2756 tibi
1371 2721 1533 2770 aperias,
1567 2718 1774 2758 deficiente
1803 2718 1999 2758 Ariadnae
2022 2719 2111 2767 filo,
2145 2733 2264 2772 saepe

315 2784 553 2827 desiderabis
582 2786 742 2838 Sisyphi
769 2787 1002 2838 patientiam.
1058 2786 1121 2824 De
1151 2799 1230 2838 qua
1256 2799 1299 2825 re
1329 2788 1398 2838 qui
1426 2785 1588 2836 dubitet,
1615 2786 1795 2838 evolvat,
1824 2794 1869 2828 ut
1897 2787 1945 2828 de
1974 2788 2171 2841 prioribus
2204 2795 2262 2827 ta·

315 2869 432 2905 ceam,
460 2854 627 2895 Iomardi
656 2854 964 2894 dissertationem
992 2854 1245 2907 „Exposition
1273 2854 1328 2894 du
1354 2856 1526 2908 systeme
1544 2857 1737 2909 metrique
1765 2856 1834 2897 des
1862 2843 2017 2897 anciens
2044 2847 2260 2910 Egyptiens

314 2928 389 2975 (ἑτι-ε
425 2925 677 2976 Description
711 2923 761 2963 de
797 2914 977 2976 l'Egypte
1014 2931 1085 2963 etc.
1123 2925 1306 2963 tom.V11
1335 2923 1395 2963 ed.
1425 2925 1519 2976 alt),
1556 2926 1626 2965 ubi
1660 2940 1749 2965 cum
1786 2929 1959 2979 egregiae
1993 2925 2195 2964 doctrinae
2223 2933 2261 2965 et
