2572 3423
1259 128 1313 171 10

1139 199 1428 213 mmmm

304 294 482 345 praefixo
513 293 562 331 ab
591 294 674 331 aliis
703 294 888 343 originem
918 291 1078 330 ducunt.
1135 292 1212 339 Sic,
1241 299 1283 330 ut
1312 293 1390 331 hoc
1417 299 1504 331 utar
1532 292 1722 344 exemplo,
1751 290 1915 343 τέταρτον
1931 290 2126 345 τριώβολον
2155 294 2262 334 aliud

305 376 392 401 esse
421 369 529 413 puto,
559 375 604 399 ac
630 358 796 411 τέταρτον
811 359 1063 411 ἣμίὸροιχμον,
1093 360 1203 411 quod
1232 362 1295 413 ‚327
1310 361 1510 399 drachmas
1539 360 1767 413 significare,
1795 363 2038 400 notissimum
2067 368 2135 400 est.
2176 362 2262 401 Cur

305 437 431 471 autem
452 427 684 469 Herodotus
713 442 795 469 non
823 430 978 481 scripsit
1006 427 1108 470 πέντε
1132 428 1346 481 σπιθαμῶνΐ
1392 429 1565 469 Difficile
1595 436 1654 468 est
1682 431 1811 468 omnia
1840 429 2045 480 explicare,
2075 430 2146 469 sed
2174 431 2262 470 fieri

304 500 450 551 potuit,
486 504 531 536 ut
559 504 698 537 auctor
726 510 776 537 ne
806 500 1130 538 accuratissimam
1159 511 1376 538 mensuram
1405 498 1615 551 protulisse
1644 495 1858 546 videretur,
1894 497 1991 537 haec
2018 497 2140 539 verba
2169 501 2262 539 scri-

304 569 443 619 pserit,
475 580 645 617 quorum
673 580 812 605 sensus
841 568 903 605 hic
932 581 1017 605 esse
1047 574 1193 618 potest:
1228 567 1452 619 magnitudo
1482 567 1632 604 illarum
1662 566 1872 617 figurarum
1900 573 2005 604 tanta
2033 568 2124 614 fuit,
2160 575 2203 606 ut
2232 570 2265 606 si

307 634 357 675 ab
387 647 518 675 earum
555 632 725 686 pedibus
768 635 929 686 incipias
967 635 1163 686 spithamis
1200 636 1342 682 metiri,
1378 642 1509 674 vertex
1546 637 1645 673 intra
1674 636 1844 685 quintam
1881 635 2107 685 spithamam
2142 636 2263 674 cadat.

307 703 393 741 Alia
422 708 527 740 certe
557 700 819 754 exspectanda
847 707 937 740 sunt
964 703 1195 750 testimonia,
1224 704 1450 754 priusquam
1479 715 1560 741 rem
1588 700 1799 741 habeamus
1829 700 2089 742 diiudicatam.

497 771 675 809 Transeo
706 770 755 808 ad
790 772 974 808 maiorem
1008 783 1243 817 mensuram,
1280 773 1371 808 satis
1407 777 1556 817 notam,
1594 772 1657 808 cui
1693 783 1836 808 nomen
1872 776 1948 808 est:
1988 770 2089 812 πούς.
2154 773 2267 810 Hanc

307 837 411 892 apud
440 845 593 878 veteres
623 839 905 878 usitatissimam
935 837 1065 885 fuisse,
1094 852 1210 878 nemo
1240 841 1374 878 nescit.
1455 838 1715 878 Nihilominus
1746 845 1838 877 octo
1867 839 2136 878 tantummodo
2167 840 2266 879 locis

306 909 389 946 eius
418 910 654 946 mentionem
682 907 773 945 facit
801 905 1041 944 Herodotus.
1098 907 1234 944 lnserit
1262 907 1403 958 pedem
1433 906 1562 945 ordini
1591 920 1664 945 suo
1694 908 1856 946 metrico
1887 907 1949 956 (II,
1968 907 2062 957 149)
2092 908 2150 946 his
2179 921 2264 947 ver-

305 975 368 1015 bis
405 974 606 1029 „s‘goen‘dw
635 973 703 1025 μὲν
731 975 791 1020 τῆς
828 973 970 1026 ὀργυιῆς
1006 974 1241 1026 μετρεομένης
1275 972 1339 1015 καὶ
1375 973 1639 1025 τετραπήχεος,
1675 976 1742 1015 τῶν
1771 975 1887 1015 ποὸὦν
1919 974 1988 1026 μὲν
2014 978 2267 1028 τετραπαλαί-

306 1058 396 1082 στων
426 1040 556 1088 ἐόντων,
584 1042 650 1081 τοῦ
679 1040 718 1080 δὲ
747 1040 887 1091 πήχεος
916 1040 1228 1095 ἑξαπαλαίστου.”

490 1105 627 1161 Itaque
657 1110 818 1148 credere
847 1110 957 1158 licet,
987 1112 1099 1148 etiam
1129 1110 1212 1147 aliis
1249 1110 1347 1148 locis
1376 1110 1446 1149 ubi
1473 1110 1641 1162 pedibus
1679 1117 1810 1149 utatur
1838 1117 2015 1150 nostrum
2054 1112 2153 1151 hanc
2183 1124 2264 1150 cer-

304 1186 380 1218 tam
410 1186 448 1218 et
468 1180 718 1217 constitutam
745 1192 964 1217 mensuram
993 1177 1175 1225 indicare,
1203 1191 1333 1228 neque
1353 1178 1426 1216 alia
1454 1185 1572 1217 restat
1597 1178 1819 1225 difficultas,
1850 1193 1965 1230 quam
1995 1186 2037 1217 ut
2060 1179 2162 1217 bene
2188 1179 2265 1217 dis-

307 1260 527 1294 cernamus,
566 1253 695 1285 utrum
724 1248 812 1297 quis
846 1245 960 1285 locus
996 1246 1096 1284 hanc
1126 1248 1482 1298 interpretationem
1519 1246 1707 1294 admittat,
1747 1260 1795 1285 an
1829 1249 1956 1286 minus
1986 1246 2190 1286 commode
2226 1246 2266 1285 id

308 1317 434 1366 possit
463 1315 560 1353 fieri.

495 1383 668 1420 Primum.
692 1383 813 1420 utitur
847 1381 919 1418 hac
956 1394 1136 1419 mensura
1169 1383 1209 1419 in
1239 1381 1502 1432 descriptione
1531 1381 1779 1433 pyramidum
1806 1382 1978 1430 (11,124,
2005 1383 2092 1430 127,
2115 1389 2153 1421 et
2171 1381 2266 1431 134)

305 1464 406 1503 quos
436 1450 570 1497 locos,
607 1463 696 1488 cum
724 1451 816 1488 istas
845 1447 969 1487 moles
1005 1461 1087 1487 non
1117 1448 1303 1500 pedibus,
1341 1448 1411 1487 sed
1446 1451 1540 1500 ipsis
1569 1450 1774 1500 Aegyptiis
1810 1449 2089 1500 praeeuntibus
2126 1449 2266 1488 cubitis

304 1521 431 1571 aptius
461 1517 713 1563 dimetiamur‚
749 1518 789 1555 in
817 1529 902 1555 eam
930 1522 1077 1568 partem
1107 1516 1221 1555 huius
1252 1517 1585 1556 commentationis
1625 1518 1791 1565 remitto,
1829 1516 1899 1556 ubi
1928 1516 1977 1556 de
2007 1516 2148 1557 cubitis
2178 1530 2265 1570 age-

304 1596 378 1625 tur.
436 1588 590 1624 Horum
606 1599 702 1623 vero
732 1585 912 1622 locorum
942 1598 1043 1622 unus
1073 1585 1251 1634 (11,127)
1280 1592 1483 1635 praeterea
1501 1587 1674 1623 continet
1702 1585 1861 1623 brevem
1891 1584 1941 1623 de
1970 1585 2072 1623 colle
2096 1584 2265 1623 animad-

304 1656 534 1702 versionem,
562 1655 603 1693 in
632 1666 714 1704 quo
743 1651 968 1705 pyramides
998 1658 1214 1691 exstructae
1245 1659 1364 1699 erant,
1393 1652 1451 1691 his
1479 1651 1610 1691 verbis
1641 1652 1792 1701 ,ἑο-ταῖσι
1812 1652 1850 1692 δὲ
1878 1651 1934 1693 ἐπὶ
1954 1653 2080 1706 λόφου
2105 1654 2169 1693 τοῦ
2197 1654 2266 1693 αὑ-

306 1722 370 1762 τοῦ
399 1721 627 1774 ἀμφότεραι,
664 1719 841 1772 μείλια-τα.
879 1720 912 1763 ἐς
940 1717 1065 1760 ἑκατόν
1095 1717 1209 1760 πόδας
1237 1719 1425 1773 «ti-daumii?
1474 1720 1532 1758 Ex
1560 1722 1645 1773 ipsa
1680 1722 1737 1759 rei
1771 1726 1910 1760 natura
1946 1734 2032 1760 cum
2072 1728 2266 1773 appareat,

306 1792 405 1830 hanc
433 1790 674 1829 altitudinem
702 1803 784 1829 non
813 1796 993 1828 accurate
1023 1802 1108 1827 esse
1139 1795 1417 1840 computatam,
1453 1802 1583 1839 neque
1612 1803 1705 1828 vera
1735 1788 1976 1829 dimensione
2004 1791 2074 1828 niti
2102 1789 2172 1828 sed
2202 1803 2265 1828 ae-

307 1861 526 1899 stimatione
554 1866 702 1898 tantum
731 1857 857 1897 oculis
886 1859 1068 1904 instituta,
1099 1859 1211 1896 etiam
1239 1860 1357 1910 magis
1387 1857 1427 1896 id
1458 1864 1649 1896 testantur
1677 1857 1874 1897 vocabula
1901 1856 2077 1909 μάλιστα.
2106 1864 2144 1897 et
2180 1857 2266 1898 {nw-

305 1927 374 1975 τὸν,
403 1941 519 1979 quem
548 1940 750 1966 numerum
778 1940 860 1966 non
889 1940 974 1966 esse
1004 1932 1180 1965 exactum
1209 1939 1324 1965 nemo
1350 1939 1431 1965 non
1460 1925 1657 1978 intelliget.
1702 1925 1844 1966 Similis
1872 1940 1935 1966 res
1966 1933 2024 1966 est
2053 1928 2092 1966 in
2121 1926 2265 1966 descri-

307 1999 443 2049 ptione
461 1996 655 2034 fossarum
675 1995 838 2033 duarum
859 2008 905 2034 ex
923 1994 1018 2033 Nilo
1039 1994 1310 2041 derivatarum,
1339 1993 1604 2045 templumque
1622 1993 1805 2033 Bubastis
1829 1994 2186 2042 circumfluentium,
2216 1994 2265 2033 de

307 2064 451 2115 quibus
472 2063 565 2101 dicit
585 2064 647 2111 (Π,
672 2065 767 2112 138)
786 2060 908 2112 „abac
926 2063 1040 2101 ἐοῦσα.
1060 2061 1207 2114 ἑκατέρη
1229 2061 1354 2101 ἑκωτδν
1375 2060 1502 2107 ποδῶν,
1531 2060 1681 2112 δένδρεσι
1701 2058 1932 2105 καταίσκιος”.
1979 2063 2112 2113 Atque
2131 2062 2265 2101 eadem

305 2146 486 2172 mensura
517 2133 639 2170 utitur
676 2132 716 2169 in
745 2129 1012 2169 describendis
1047 2129 1212 2168 lacubus
1248 2129 1399 2168 insulae
1428 2129 1618 2180 Zacynthi
1648 2128 1881 2180 quibusdam
1918 2129 2180 2179 bituminosis,
2216 2131 2265 2171 de

308 2200 451 2252 quibus
487 2200 576 2248 (IV,
604 2201 699 2250 195>
727 2199 823 2237 haec
851 2197 987 2237 habet:
1024 2200 1067 2245 „23
1098 2196 1135 2237 δ’
1165 2194 1210 2237 ὧν
1239 2195 1394 2249 μεγίστη
1426 2196 1560 2236 αὐτέων
1595 2196 1702 2244 (scil.
1723 2198 1789 2236 τῶν
1817 2199 1979 2248 λιμνῶν)
2014 2197 2266 2249 ἑβδομήκοντα

308 2267 423 2307 ποδῶν
450 2265 579 2322 παίντῃ,
608 2264 722 2314 βάθος
750 2265 788 2306 δὲ
818 2264 992 2317 διόργυιός
1022 2265 1107 2304 ἐστι.
1152 2264 1252 2303 Sunt
1279 2278 1385 2302 nunc
1414 2276 1576 2315 quoque
1605 2264 1733 2303 fontes
1762 2264 1959 2304 bituminis
1987 2268 2027 2305 in
2054 2273 2164 2318 parte
2192 2268 2265 2306 Za·

309 2336 444 2388 cynthi
471 2334 726 2381 meridionali,
756 2335 904 2373 etiamsi
932 2346 1014 2382 non
1043 2332 1176 2372 eadem
1205 2347 1227 2372 a
1248 2334 1343 2372 mari
1364 2332 1553 2381 distantia,
1583 2347 1699 2385 quam
1726 2340 1861 2373 noster
1886 2334 2026 2374 eodem
2055 2337 2181 2387 capite
2211 2336 2266 2374 al'-

306 2406 380 2445 fert
409 2405 476 2453 (cf.
492 2405 673 2442 Mannert
689 2402 836 2454 Geogr.
853 2402 945 2440 VIII
973 2416 1010 2453 p.
1024 2403 1086 2449 96,
1117 2408 1154 2440 et
1174 2403 1351 2453 Kiepert:
1379 2402 1454 2440 Atl.
1477 2402 1712 2450 Graeciae.);
1743 2402 1998 2452 quamobrem
2027 2402 2077 2441 de
2105 2405 2266 2441 veritate

307 2472 476 2513 dubitari
503 2472 650 2523 nequit.
691 2469 870 2509 Verbum
888 2466 1003 2525 πάντῃ
1032 2469 1142 2509 multi
1170 2471 1296 2509 minus
1326 2476 1431 2509 recte
1458 2471 1699 2521 interpretati
1727 2476 1828 2518 sunt,
1858 2477 2059 2509 censentes
2080 2483 2165 2509 esse
2192 2484 2265 2510 no-

308 2549 443 2579 strum:
476 2541 668 2594 ringsm,
701 2545 820 2590 atque
848 2540 901 2577 ita
927 2539 1107 2577 Mannert
1134 2538 1158 2576 l.
1182 2538 1206 2576 l.
1237 2537 1325 2586 (ubi
1353 2544 1553 2589 praeterea
1583 2537 1635 2577 40
1664 2538 1851 2589 scriptum
1879 2543 1937 2577 est
1965 2551 2039 2590 pro
2064 2538 2135 2591 70)
2163 2539 2266 2579 hunc

308 2610 440 2649 locum
478 2608 674 2647 intellexit.
736 2607 880 2646 Melius
917 2614 992 2646 est:
1022 2620 1366 2661 quaquaversum,
1401 2620 1516 2656 quam
1555 2606 1878 2657 significationem
1915 2607 2043 2646 multis
2083 2609 2265 2660 exemplis

307 2676 453 2731 probat
472 2675 862 2727 Schweighaeuserus
891 2677 931 2715 in
958 2675 1087 2714 lexico
1118 2689 1193 2714 s.v.
1214 2671 1342 2722 πάντη,
1370 2688 1452 2714 uon
1472 2676 1617 2714 omisso
1640 2688 1719 2714 uno
1749 2674 1842 2714 loco
1863 2676 1926 2725 (11,
1943 2677 2026 2727 78),
2056 2676 2125 2716 ubi
2154 2677 2265 2716 aliam

306 2747 446 2786 habeat
474 2743 796 2798 significationem
824 2757 984 2784 necesse
1013 2751 1071 2783 est
1099 2743 1304 2793 (Ceterum
1334 2745 1504 2797 corrigas
1534 2745 1574 2783 in
1602 2742 1670 2782 illo
1697 2742 1824 2783 lexico
1858 2743 1990 2783 locum
2018 2745 2087 2793 lv,
2109 2746 2196 2792 1011,
2225 2746 2266 2783 in

310 2828 389 2865 quo
418 2817 546 2866 ipsum
574 2812 740 2852 verbum
769 2808 884 2855 ndum
914 2826 1001 2850 cum
1031 2813 1113 2852 aliis
1143 2825 1276 2851 errore
1306 2812 1439 2863 aliquo
1469 2811 1649 2862 excidit).
1706 2811 1817 2852 Solet
1845 2811 2076 2852 Herodotus
2104 2815 2161 2853 uti
2188 2812 2266 2851 hoc
