2572 3423
1268 156 1295 199 6

1136 225 1424 240 mmmm

304 320 421 360 studii
451 320 728 373 diligentissimi
757 319 1000 358 documentis
1031 321 1258 358 commixtos
1287 321 1503 358 invenimus
1533 332 1697 368 errores,
1728 332 1895 371 quorum
1923 321 2012 359 fons
2042 325 2258 360 communis

304 403 392 429 cum
423 389 504 428 aliis
532 391 571 428 in
599 387 729 436 rebuS,
758 394 839 427 tum
869 389 909 428 in
937 387 1004 427 illa
1032 390 1276 440 potissimum
1307 389 1407 428 inest
1435 390 1634 428 sententia.
1690 389 1914 428 Aretissime
1934 389 2030 429 haec
2050 389 2260 429 cohaerent

305 471 392 497 cum
422 456 567 496 celebri
595 458 667 495 ista
696 458 848 509 priscae
878 459 1089 510 sapientiae
1119 456 1290 505 fictione,
1320 457 1540 509 populique
1569 459 1827 505 vetustissimi,
1858 459 1927 509 qui
1954 457 2158 497 recondita
2187 457 2259 496 do-

305 528 424 564 ctrina
453 527 671 577 artiumque
691 532 729 564 et
751 526 911 564 aliarum
931 533 970 564 et
994 527 1180 577 imprimis
1207 526 1558 563 mathematicarum
1578 528 1716 577 peritia
1736 527 1999 577 posteriorum
2025 527 2180 573 multos,
2210 539 2259 565 ne

305 593 430 632 dicam
460 606 607 641 omnes,
636 593 753 646 longe
783 596 1033 646 superaverit.
1090 593 1198 632 Nolo
1228 595 1302 632 nisi
1330 606 1404 632 suo
1433 593 1525 632 loco
1556 607 1602 632 ex
1632 596 1677 633 iis
1706 607 1831 646 pauca
1859 601 2047 646 repetere,
2078 607 2180 645 quae
2210 593 2260 633 ad

305 663 447 701 horum
480 675 657 701 errorum
687 661 841 714 aliquos
870 661 1107 701 refellendos
1138 669 1175 701 et
1204 661 1401 701 tollendos
1431 662 1518 701 Viri
1548 661 1771 710 doctissimi,
1806 660 1932 701 Ideler
1961 669 1998 701 et
2027 661 2164 710 Ukert,
2201 661 2258 701 di-

305 736 442 769 xerunt
476 729 559 778 (ille
597 732 636 768 in
673 729 954 776 dissertatione,
991 722 1126 776 „Uber
1162 730 1224 768 die
1255 729 1596 782 Gradmessungen
1633 730 1702 768 der
1729 730 1869 768 Alten''
1899 743 2015 781 quam
2044 732 2259 769 invenimus

305 801 342 836 in
379 798 642 845 „Monatliche
677 797 1018 849 Correspondenz,
1054 805 1146 836 tom.
1162 799 1293 844 XXIII,
1318 798 1496 850 pag.453
1527 812 1635 850 seqq.
1646 799 1674 844 ;''
1712 799 1773 836 hic
1808 800 1848 836 in
1881 797 2055 837 breviori
2092 798 2260 850 epistola

306 865 481 905 eiusdem
509 865 598 905 libri
627 865 812 913 „MonatL
833 864 946 904 Corr.
976 871 1069 904 tom.
1086 865 1217 913 XXIII,
1238 880 1275 917 p.
1293 865 1370 904 488
1402 867 1532 918 seqq.''
1560 872 1761 917 praeterea
1787 868 1826 904 in
1847 866 2029 918 singulari
2048 864 2161 913 libro,
2193 868 2261 917 qui

305 933 544 981 inscribitur,
579 925 713 981 „Uber
741 932 804 972 die
832 933 903 972 Art
932 932 1003 971 der
1032 933 1229 972 Griechen
1258 933 1338 972 und
1367 935 1515 973 Romer
1544 933 1605 972 die
1634 934 1925 987 Entfernungen
1953 948 2003 973 zu
2031 933 2261 972 bestimmen

307 1002 400 1040 etc.'’
435 1009 473 1040 et
507 1003 563 1040 in:
602 1001 873 1054 „Geographie
904 999 974 1038 der
1004 1000 1200 1040 Griechen
1230 1000 1311 1039 uud
1340 1001 1487 1039 Romer
1517 1007 1606 1040 tom.
1622 1002 1649 1048 1,
1672 1005 1706 1049 2,
1728 1003 1824 1053 p.51
1859 1003 2019 1053 seqq.'’).
2077 1002 2259 1053 Quorum

304 1070 424 1108 verba
459 1069 568 1120 quod
603 1072 756 1108 minime
791 1068 972 1108 omnibus
1010 1068 1059 1107 de
1094 1083 1186 1107 vera
1223 1070 1337 1107 huius
1372 1071 1430 1107 rei
1470 1071 1620 1107 ratione
1656 1077 1948 1121 persuaserunt,
1988 1070 2092 1109 haud
2121 1072 2260 1108 iniuria

304 1135 508 1177 miramur(
553 1138 654 1177 Nam
682 1136 802 1177 hodie
830 1149 1005 1189 quoque,
1035 1143 1077 1176 ut
1105 1137 1181 1177 hoc
1210 1143 1297 1177 utar
1325 1136 1514 1190 exemplo,
1544 1144 1633 1177 sunt
1663 1139 1730 1189 qui
1755 1137 1968 1178 stadiorum
1987 1138 2106 1178 fuisse
2133 1136 2260 1177 diver-

307 1208 456 1245 sitatem
478 1206 655 1245 nondum
686 1204 854 1244 audeant
882 1218 1034 1258 negare,
1062 1207 1188 1244 minus
1218 1204 1374 1257 quidem
1404 1207 1517 1244 certis
1545 1206 1609 1244 vel
1638 1208 1718 1244 suis
1739 1208 1915 1258 ipsorum
1933 1206 1998 1244 vel
2017 1206 2179 1245 aliorum
2201 1219 2261 1244 ar-

305 1278 495 1327 gumentis
524 1277 748 1321 innitentes,
786 1288 900 1325 quam
931 1276 1022 1325 quia
1051 1275 1122 1312 hac
1158 1288 1200 1312 re
1229 1274 1323 1312 nihil
1350 1274 1505 1312 videtur
1533 1288 1618 1312 esse
1649 1274 1892 1313 commodius
1929 1275 1978 1313 ad
2007 1274 2259 1326 explicandos

307 1344 420 1383 locos
451 1343 701 1382 difficiliores.

492 1411 570 1449 Iam
609 1424 695 1449 cum
729 1412 829 1449 inter
866 1423 1018 1458 omnes,
1056 1410 1255 1449 doctiores
1291 1418 1405 1458 certe,
1445 1418 1606 1458 constet,
1640 1412 1785 1450 nullam
1823 1425 1908 1451 esse
1937 1414 1976 1450 in
2012 1414 2259 1463 antiquorum

302 1480 411 1518 libris
440 1491 521 1517 rein
549 1485 626 1517 tam
655 1480 784 1530 exigui
813 1480 1009 1525 momenti,
1038 1480 1133 1529 quin
1163 1481 1379 1517 accuratius
1404 1481 1614 1516 examinata
1635 1479 1782 1530 aliquid
1803 1480 1977 1518 conferat
1997 1480 2047 1519 ad
2066 1479 2260 1518 illustran-

304 1547 391 1585 dam
421 1548 698 1597 antiquitatem,
726 1546 825 1584 hanc
855 1559 1017 1597 quoque
1046 1559 1312 1584 mensurarum
1333 1553 1369 1584 et
1390 1546 1609 1597 ponderum
1629 1549 1962 1598 investigationem
1981 1554 2115 1585 nostra
2136 1554 2259 1585 aetate

303 1614 407 1654 haud
435 1616 552 1666 pauci
582 1613 733 1666 dignam
762 1614 965 1662 duxerunt,
1002 1616 1042 1653 in
1072 1627 1186 1665 quam
1216 1615 1471 1653 intentissimo
1502 1616 1629 1653 animo
1660 1614 1938 1654 incumberent.
1996 1614 2087 1666 Qua
2115 1628 2157 1653 re
2188 1617 2260 1654 etsi

303 1685 448 1722 factum
485 1689 553 1730 est,
590 1689 634 1721 ut
671 1682 790 1722 multa
825 1682 1112 1735 diligentissime
1150 1682 1351 1734 explorata
1387 1685 1462 1721 sint
1499 1697 1519 1721 a
1555 1685 1646 1722 viris
1683 1697 1828 1722 summa
1858 1682 2035 1722 doctrina
2064 1683 2259 1735 praeditis,

304 1752 552 1790 nihilominus
588 1758 733 1789 restant
771 1751 845 1789 alia
874 1752 956 1789 aliis
987 1750 1145 1802 agenda,
1183 1753 1261 1801 qui,
1299 1754 1473 1801 quamvis
1503 1751 1552 1788 ad
1582 1765 1728 1799 summa
1758 1765 1939 1802 quaeque
1968 1753 2101 1789 harum
2130 1765 2260 1789 rerum

305 1821 503 1860 cacumina
533 1832 703 1872 unquam
733 1833 775 1859 se
794 1825 1053 1873 perventuros
1083 1832 1240 1873 sperare
1269 1825 1475 1872 nequeant,
1504 1809 1817 1882 libentessjmen
1845 1832 1974 1875 neque
1996 1821 2100 1859 omni
2129 1820 2259 1859 fructu

305 1890 477 1928 destituti
496 1890 604 1940 fungi
622 1889 744 1927 velint
764 1889 938 1927 inferiori
958 1902 1128 1926 munere.
1171 1889 1307 1939 Itaque
1327 1895 1503 1926 nostrum
1532 1889 1572 1926 id
1593 1902 1679 1927 esse
1708 1889 1853 1935 iudico,
1883 1896 1925 1927 ut
1946 1892 2176 1940 comparatis
2202 1892 2259 1935 iis,

306 1971 406 2008 quae
443 1956 659 1996 secundum
696 1959 863 2008 optimos
902 1970 1083 2008 quosque
1118 1959 1380 1995 recentiorum
1414 1963 1531 1995 testes
1563 1970 1673 1995 nunc
1696 1970 1770 2009 pro
1800 1959 1903 1995 veris
1932 1956 2134 2005 habentur,
2171 1971 2259 1996 cum

305 2024 487 2065 omnibus
516 2031 691 2063 veterum
726 2026 958 2077 scriptorum
987 2024 1086 2064 locis
1115 2025 1192 2063 huc
1221 2023 1482 2071 attinentibus,
1512 2031 1588 2071 aut,
1619 2027 1650 2063 si
1678 2024 1781 2063 bene
1812 2026 2054 2063 consentiant
2079 2027 2178 2064 inter
2206 2039 2259 2074 se,

305 2092 605 2145 comprobando
635 2092 793 2130 illorum
820 2092 1017 2131 firmemus
1047 2094 1285 2139 sententiam,
1322 2099 1398 2139 aut,
1428 2094 1461 2130 si
1488 2099 1720 2143 repugnent,
1758 2105 1839 2130 non
1869 2093 2006 2140 solum,
2036 2100 2121 2131 utra
2150 2100 2259 2144 parte

306 2169 473 2200 erratum
508 2164 556 2199 sit
585 2160 795 2207 videamus,
825 2174 960 2199 verum
990 2162 1113 2207 etiam,
1143 2159 1211 2198 ubi
1240 2162 1383 2211 poterit
1412 2159 1509 2206 fieri,
1548 2173 1790 2209 quaeramus,
1826 2173 1907 2211 quo
1938 2163 2049 2211 quasi
2078 2174 2123 2199 ex
2153 2161 2260 2200 fonte

306 2243 458 2269 errores
496 2229 721 2276 decurrant,
761 2228 865 2268 unde
895 2228 1039 2267 ducant
1068 2230 1266 2281 originem.
1324 2229 1423 2267 Nam
1453 2227 1492 2267 id
1523 2230 1627 2266 omni
1657 2234 1831 2280 tempore
1859 2228 1932 2267 fuit
1961 2228 2259 2276 odiosissimum,

307 2311 403 2343 esse,
429 2300 496 2348 qui
525 2299 615 2336 satis
645 2296 812 2336 habeant
841 2296 982 2343 dicere,
1013 2303 1050 2335 et
1078 2297 1156 2335 hoc
1185 2303 1222 2335 et
1250 2296 1319 2335 illo
1349 2296 1441 2335 loco
1473 2303 1671 2334 auctorem
1702 2309 1860 2344 errasse,
1889 2310 1938 2336 ne
1967 2298 2144 2349 periculo
2173 2300 2259 2348 qui-

306 2365 395 2404 dem
431 2365 547 2411 facto,
584 2364 632 2402 ad
666 2378 801 2403 causas
830 2364 1084 2417 perveniendi
1113 2371 1151 2403 et
1180 2365 1308 2403 fontes
1338 2377 1524 2412 errorum,
1562 2364 1705 2415 quibus
1734 2366 1971 2417 investigatis
1997 2379 2114 2417 saepe
2143 2365 2258 2418 longe

304 2436 492 2473 maiorem
524 2433 692 2471 fructum
729 2435 935 2484 capiamus,
972 2447 1087 2484 quam
1124 2435 1191 2484 qui
1229 2447 1276 2471 ex
1311 2432 1397 2471 sola
1433 2435 1593 2471 veritate
1622 2432 1728 2471 nuda
1757 2446 1874 2484 saepe
1904 2440 1941 2471 et
1969 2433 2106 2485 frigida
2134 2435 2261 2484 possit

305 2502 474 2554 decerpi.
532 2500 649 2541 Haud
680 2502 781 2540 enim
809 2502 947 2540 iniuria
974 2501 1060 2540 fore
1089 2507 1132 2540 ut
1160 2499 1394 2548 doleremus,
1424 2502 1455 2539 si
1481 2513 1561 2540 non
1581 2507 1773 2540 errassent
1792 2507 1954 2549 veteres,
1984 2507 2022 2540 et
2040 2500 2259 2541 laudandos

307 2585 403 2618 esse,
433 2572 501 2622 qui
529 2583 611 2609 non
641 2572 771 2609 omnia
799 2571 891 2608 satis
922 2569 1105 2621 explicita
1134 2576 1172 2607 et
1203 2568 1379 2620 expedita
1407 2567 1523 2606 nohis
1553 2568 1789 2616 tradiderint,
1820 2570 1906 2619 quis
1935 2568 2111 2622 negabit?
2153 2569 2259 2609 Idem

307 2641 399 2684 fere,
440 2641 471 2676 si
506 2639 607 2677 forte
636 2651 718 2678 non
754 2640 886 2690 inepte
923 2637 973 2676 de
1009 2639 1054 2676 iis
1086 2636 1284 2676 erroribus
1321 2638 1407 2687 quis
1444 2636 1663 2684 contendat,
1701 2638 1768 2687 qui
1803 2636 1922 2675 literis
1953 2645 1990 2676 et
2018 2638 2148 2677 verbis
2177 2641 2259 2677 sive

308 2708 505 2757 corruptis
540 2707 622 2754 sive
661 2708 810 2744 omissis
848 2706 971 2745 aliave
1010 2703 1201 2744 eiusmodi
1230 2703 1459 2756 negligentia
1487 2706 1527 2742 in
1555 2703 1678 2743 libros
1706 2711 1880 2743 veterum
1907 2707 2157 2757 irrepserunt,
2193 2720 2258 2745 ex-

307 2778 438 2828 cipere
467 2780 595 2813 tamen
623 2772 717 2812 velit
746 2787 814 2813 eos
842 2773 967 2823 locos,
1005 2775 1073 2826 qui
1101 2786 1352 2814 numerorum
1380 2772 1581 2826 postulant
1611 2786 1734 2812 usum.
1790 2772 1869 2812 Illis
1890 2774 2001 2822 enim,
2031 2775 2063 2813 si
2084 2776 2259 2826 corrupti

307 2850 406 2889 sunt,
442 2855 560 2894 saepe
590 2841 646 2889 fit,
682 2848 726 2880 ut
754 2854 882 2892 neque
910 2845 1051 2895 ingenii
1080 2844 1267 2889 acumine,
1302 2855 1431 2893 neque
1462 2841 1650 2888 doctrina,
1686 2854 1816 2893 neque
1845 2855 1988 2890 earum,
2024 2841 2167 2893 quibus
2198 2856 2258 2880 ars

308 2914 437 2950 critica
473 2914 658 2957 assuevit,
695 2924 825 2949 rerum
863 2909 943 2948 ulla
976 2913 1101 2960 possit
1136 2910 1343 2949 subveniri.
1401 2911 1553 2961 Itaque,
1592 2912 1659 2960 qui
1688 2910 1803 2948 talem
1836 2910 1967 2949 locum
2003 2912 2043 2949 in
2070 2912 2256 2961 integrum
