2572 3423
1225 156 1279 200 21

1330 222 1401 242 m

283 322 393 371 loco,
428 322 481 371 11‚·
502 323 592 368 111,
638 322 705 372 qui
743 319 914 359 fabulam
952 318 1002 360 de
1036 319 1197 360 Pherois
1232 321 1333 373 regis
1371 321 1553 359 caecitate
1573 328 1779 360 -narratam
1815 322 2008 367 continet,
2053 319 2233 372 leguntur
2279 328 2282 330 ·

279 390 400 438 verba
428 389 516 438 „⁷013
539 389 712 438 ποτιμωῦ
733 386 967 432 κατελθόντος
992 385 1159 442 μέγιστα,
1186 385 1230 435 δὴ
1256 383 1337 430 τὸτι
1364 386 1415 429 ἐπ’
1443 386 1689 429 &armathem
1716 387 1896 439 mixtae&
1943 390 2104 437 Eorum,
2134 400 2235 440 quae

281 457 332 498 de
359 457 440 497 Nili
466 463 605 497 natura
631 456 861 497 Herodotus
890 456 1018 505 docet,
1052 456 1261 510 plerisque·
1279 456 1398 496 fidem
1426 456 1642 497 habendam
1671 469 1768 505 esse,
1801 457 1911 496 multi
1937 464 2135 505 testantur,
2165 469 2233 496 ne-

280 539 359 579 que
387 524 514 573 nobis,
558 528 592 565 si
620 525 715 577 quid
749 528 788 564 in
816 525 947 565 verbis
983 525 1104 565 modo
1134 526 1257 565 allatis
1287 525 1471 573 offendat,
1509 528 1555 564 in'
1584 531 1749 565 mentem
1778 527 1884 564 venit
1920 528 2063 564 morari
2096 529 2135 564 in
2165 524 2234 564 de-

279 593 539 633 monstrandis
567 595 624 641 iis,
654 607 756 645 quae
784 606 856 645 per
883 606 926 632 se
953 599 1120 645 pateant.
1176 593 1286 632 Haec
1312 600 1440 632 tamen
1466 592 1640 632 breviter
1668 592 1916 632 admonuisse
1945 590 2103 630 iuvabit.
2152 592 2232 631 Nili

281 661 416 700 alveus
455 661 522 709 (cf.
548 662 675 700 Ritter
706 662 838 700 Africa
875 674 914 712 p.
943 660 1021 700 842
1058 664 1188 712 seqq.)
1223 660 1381 713 singulis
1420 661 1584 700 saeculis
1623 660 1739 700 altior
1778 659 1825 700 fit
1863 662 1976 707 0‚121
2008 660 2117 698 metr.
2147 659 2233 711 gall.

279 747 323 765 =
351 731 440 768 circ.
466 730 611 776 0‚2287
639 729 779 769 cubitis
813 730 898 767 mai.
956 730 1102 768 Terrae
1136 741 1232 768 vero
1271 727 1479 768 adiacentis
1516 729 1745 781 superficies
1787 735 1825 768 et
1853 730 1937 780 ipsa
1966 735 2128 780 augetur
2156 730 2234 767 sin-

280 797 381 850 gulis
409 797 574 836 saeculis
603 798 724 844 0,126
744 798 852 835 metr.
872 797 957 849 gall.
985 814 1029 831 =
1053 799 1144 834 circ.
1165 797 1311 844 0,2382
1334 796 1422 835 cub.
1450 799 1535 835 mai.
1566 818 1616 826 —
1673 797 1816 835 Differt
1845 796 1943 835 alter
1971 809 2153 834 numerus
2183 795 2234 833 ab

282 865 405 905 altero
436 866 581 913 0,0095
605 864 705 913 cub„
734 864 889 916 fquibus
918 863 1118 904 saeculare
1146 876 1325 916 agrorum
1359 865 1637 903 incrementum
1672 866 1794 903 maius
1829 870 1886 903 est
1915 876 1976 910 eo,
2014 863 2122 914 quod
2151 865 2236 915 pari

280 939 456 984 tempore
493 931 543 971 ad
579 932 730 971 alveum
767 932 933 971 fluminis
972 930 1131 970 accedit.
1186 931 1323 983 Itaque
1358 933 1392 970 si
1418 944 1553 970 verum
1583 938 1686 971 esset
1714 929 1824 987 quod
1852 930 2078 970 sacerdotes
2106 932 2233 969 Hero—

281 1000 378 1039 doto
414 1006 683 1048 narraverunt,
721 999 814 1039 olim
843 1006 936 1039 octo
966 999 1188 1039 cubitorum
1224 1006 1379 1039 auctum
1413 1000 1614 1040 suffecisse
1643 998 1693 1038 ad
1719 997 1981 1039 inundandam
2011 1000 2234 1051 Aegyptum

281 1068 516 1115 inferiorem,
555 1081 643 1107 cum
678 1082 749 1107 sua
778 1074 901 1106 aetate
931 1067 1153 1119 quindecim
1182 1067 1305 1106 cubiti
1330 1067 1488 1106 vixdum
1523 1068 1724 1106 efficerent
1756 1066 1873 1115 idem,
1910 1069 2004 1114 sive,
2043 1066 2153 1119 quod
2183 1066 2259 1108 alb.-

280 1136 347 1176 illa
374 1150 419 1176 re
446 1150 530 1177 non
558 1144 616 1176 est
645 1136 859 1185 diversum,
896 1138 930 1175 si
958 1150 981 1175 a
1008 1134 1198 1175 Moeridis
1226 1137 1328 1187 regis
1357 1142 1482 1174 aetate
1512 1134 1561 1176 ad
1590 1135 1837 1175 Herodotum
1864 1149 1992 1188 usque
2020 1143 2146 1175 terrac
2176 1138 2233 1175 in-

281 1210 519 1244 crementum
548 1210 695 1257 septem
724 1203 865 1243 cubitis
893 1210 1117 1257 superasset
1150 1202 1202 1252 id,
1242 1202 1353 1255 quod
1380 1203 1461 1242 Nili
1496 1203 1632 1243 alveus
1668 1205 1824 1256 ceperit,
1857 1203 1939 1243 fere
1969 1204 2046 1246 737
2069 1203 2235 1243 sacculis

282 1285 385 1325 opus
413 1272 561 1319 fuisset,
599 1285 701 1323 quae
731 1271 978 1311 elaberentur
1005 1273 1105 1311 inter
1132 1272 1304 1324 priscum
1338 1285 1468 1325 regem
1500 1279 1539 1311 et
1567 1271 1816 1311 Herodotum
1843 1273 2046 1310 viventem.
2104 1273 2234 1324 Atque

281 1343 315 1380 si
342 1342 510 1380 fluminis
540 1341 693 1380 alveum
730 1340 780 1379 ad
807 1341 910 1380 illam
939 1354 1067 1392 usque
1095 1346 1258 1379 aetatem
1293 1343 1452 1379 omnino
1482 1340 1576 1379 nihil
1603 1343 1829 1380 incrementi
1859 1343 2009 1392 cepisse
2038 1343 2230 1391 ponimus,

282 1408 395 1461 quod
422 1414 583 1448 naturae
612 1414 812 1461 repugnat,
848 1415 976 1448 tamen
1011 1407 1110 1448 illud
1138 1409 1323 1460 temporis
1351 1409 1517 1460 spatium
1548 1409 1600 1448 29
1623 1408 1788 1448 saeculis
1818 1411 1943 1448 minus
1971 1421 2052 1447 non
2080 1415 2235 1460 poterat

282 1490 379 1516 esse.
435 1477 521 1515 Nec
550 1478 582 1515 si
610 1476 733 1515 multo
754 1476 1014 1525 brevioribus,
1045 1489 1161 1529 quam
1179 1478 1397 1528 posteriore
1417 1483 1552 1524 aetate,
1580 1483 1800 1529 temporum
1818 1476 2027 1516 intervallis
2046 1483 2128 1515 tum
2147 1489 2231 1514 mu-

282 1552 379 1584 tatas
408 1558 495 1583 esse
524 1545 663 1584 dixeris
692 1552 818 1584 terrae
845 1546 1003 1593 formas,
1029 1558 1081 1584 ne
1108 1546 1165 1583 sic
1190 1543 1347 1595 quidem
1375 1545 1539 1583 multum
1567 1545 1658 1583 huic
1686 1547 1743 1583 rei
1771 1545 1872 1584 feres
1902 1545 2039 1584 auxilii.
2096 1546 2230 1595 ltaque

281 1614 322 1652 in
349 1611 502 1652 fabulas
530 1613 634 1652 hunc
663 1619 756 1652 octo
786 1612 1009 1652 cubitorum
1042 1625 1246 1652 numerum
1274 1612 1545 1651 remittendum
1576 1626 1661 1651 esse
1691 1626 1902 1652 censemus.

473 1680 661 1720 Cubitum
697 1680 895 1733 vulgarem
931 1682 1013 1719 sive
1047 1682 1235 1719 minorem
1273 1679 1466 1728 omnibus,
1503 1681 1570 1731 qui
1599 1687 1817 1732 supersunt,
1855 1681 1965 1720 locis.
1982 1678 2145 1719 indicari
2174 1693 2234 1718 ar-

281 1743 418 1788 bitror.
475 1750 565 1787 Fuit
599 1750 664 1787 ille
700 1749 855 1788 cubitus
890 1767 933 1783 =
962 1747 1116 1796 1,4734‘
1140 1749 1263 1786 Rhen.
1298 1766 1342 1782 =
1367 1747 1513 1796 0‚4624
1550 1749 1658 1787 metr.
1685 1748 1769 1801 gall.
1804 1750 1868 1797 (cf.
1896 1749 2072 1787 Boeckh.
2102 1749 2156 1787 M.
2185 1749 2233 1787 U.

283 1831 321 1869 p.
334 1815 414 1855 234
443 1820 582 1868 seqq.).
638 1816 780 1855 Narrat
815 1815 1044 1855 Herodotus
1080 1816 1143 1865 (ΙΙ,
1170 1817 1277 1867 110),
1313 1816 1522 1855 Sesostrim
1557 1829 1685 1869 regem
1714 1815 1918 1870 reliquisse
1947 1823 2036 1856 ante
2064 1816 2235 1856 Vulcani

283 1884 468 1936 templum
504 1882 740 1936 „dvdpm'vmz
768 1883 926 1931 λιθίνους,
954 1880 1017 1923 δύο
1046 1881 1115 1936 μὲν
1142 1882 1333 1936 τριάκοντα.
1360 1883 1520 1935 πηχέων,
1550 1881 1676 1924 ἑωυτόν
1703 1901 1743 1924 τε
1770 1882 1835 1926 καὶ
1862 1883 1923 1928 τὴν
1951 1886 2126 1938 γυναῖκα,
2154 1883 2237 1928 ταῖς

283 1951 322 1993 δὲ
349 1951 488 1996 ποιῒδας
515 1950 636 1994 ἐόντας
661 1952 832 2004 τέσσερας
859 1950 967 1991 εἴκοσι
994 1949 1143 2002 πηχέων
1172 1949 1355 1992 ἕκαστον.”
1411 1952 1511 1990 Sunt
1539 1953 1592 1990 30
1619 1952 1741 1991 cubiti
1767 1955 1857 1991 min.
1886 1970 1929 1987 =
1950 1952 2078 1999 44‚20'
2099 1953 2236 2000 Rhen„

285 2028 323 2061 et
352 2023 405 2061 20
435 2019 522 2060 cub.
545 2022 634 2060 min.
662 2039 705 2055 =
725 2018 855 2068 29,47'
872 2019 997 2059 Rhen.
1052 2020 1141 2059 Nos
1169 2033 1252 2059 non
1280 2019 1445 2060 offendit
1472 2020 1538 2060 illa
1565 2020 1801 2073 magnitudo,
1830 2024 1898 2074 qui
1917 2024 2094 2069 sciamus,
2123 2024 2234 2061 etiam

283 2091 474 2129 maiorum
504 2089 752 2128 colossorum
780 2087 923 2127 rudera
949 2089 990 2127 in
1018 2091 1202 2141 Aegypto
1231 2094 1387 2141 reperta
1415 2101 1512 2128 esse.
1543 2111 1593 2120 —
1638 2089 1779 2129 Similis
1807 2102 1869 2130 res
1898 2088 1948 2129 de
1967 2090 2235 2143 Rhampsinito

284 2170 375 2208 rege
404 2156 568 2195 traditur
596 2158 658 2204 (11,
686 2150 758 2195 1‘21
790 2159 900 2206 init),
930 2158 997 2207 qui
1025 2156 1187 2203 ,,α’,ντίους
1214 2186 1246 2196 ..
1274 2155 1344 2196 τῶν
1371 2155 1605 2208 προπυλαίων
1633 2155 1760 2201 ἔστησε
1780 2156 1990 2210 ἁνδριαῖνταις
2014 2156 2088 2204 δύο,
2118 2158 2238 2201 ἐόντως

285 2221 326 2266 τδ
352 2223 517 2276 μὲγοιθος
543 2224 645 2264 πέντε
672 2222 736 2265 καὶ
771 2223 879 2265 εἴκοσι
914 2223 1095 2273 πηχέων.”
1149 2225 1325 2263 Fuerunt
1359 2227 1474 2276 igitur
1508 2223 1638 2272 36‚83‘
1665 2225 1788 2263 Rhen.
1817 2225 1893 2263 alti.
1926 2249 1974 2255 —
2033 2227 2077 2264 ln
2113 2227 2236 2271 aulae,

286 2306 401 2346 quam
436 2292 514 2344 Api
549 2291 821 2331 aedificaverat
858 2292 1159 2341 Psammitichus,
1201 2291 1463 2345 descriptione
1500 2292 1568 2341 (11,
1599 2294 1702 2343 153)
1736 2292 1830 2332 haec
1864 2292 2025 2346 legimus
2063 2293 2165 2341 „iz-r)
2199 2293 2237 2335 δὲ

285 2359 403 2402 κιόνων
430 2360 612 2400 ὑπεστᾶσι
639 2356 811 2399 κολοσσοὶ
839 2356 1145 2408 &nudavi-sixte<
1171 2360 1215 2415 τῇ
1243 2359 1379 2416 οιύλῇ.”
1434 2360 1535 2399 Sunt
1568 2362 1616 2398 12
1647 2359 1736 2399 cub.
1764 2360 1866 2414 vulg.
1895 2380 1939 2396 =
1969 2361 2094 2407 1265(
2113 2362 2235 2401 Rhen.

285 2430 489 2477 Ceterum,
534 2441 636 2481 quos
673 2427 846 2466 eiusdem
878 2427 1149 2480 magnitudinis
1187 2428 1369 2467 colossos
1405 2442 1427 2467 a
1456 2429 1727 2468 Psammiticho
1763 2429 1811 2468 ad
1848 2430 2031 2482 templum
2069 2430 2235 2468 Vulcani

285 2497 501 2536 ornandum
545 2504 760 2536 exstructos
805 2496 898 2535 dicit
938 2496 1142 2535 Diodorus
1177 2496 1334 2535 Siculus
1368 2498 1387 2545 (
1394 2497 1423 2544 1,
1451 2498 1541 2547 67),
1575 2498 1690 2535 iidem
1728 2498 1847 2535 fuisse
1883 2498 2071 2534 videntur.
2138 2499 2236 2536 Uter

286 2571 488 2605 auctorum
524 2567 726 2614 erraverit,
762 2578 868 2605 nunc
898 2578 980 2604 non
1016 2578 1210 2617 quaeram.
1273 2564 1456 2605 Fortasse
1490 2571 1616 2605 autem
1649 2579 1729 2604 non
1764 2565 1922 2603 omnino
1951 2578 2129 2610 „necesse
2166 2573 2236 2614 est,

284 2632 406 2673 verba
438 2632 609 2672 Diodori
634 2628 736 2680 '‚‚u.a.i
770 2632 823 2686 τῷ
859 2632 934 2686 ναῷ
968 2631 1027 2674 τᾶν
1061 2633 1251 2685 περίβολον
1284 2649 1320 2674 κ.
1350 2649 1383 2674 τ.
1409 2633 1470 2674 λ.”
1507 2632 1555 2672 ad
1591 2631 1775 2684 templum
1804 2631 1976 2672 Vulcani
2009 2634 2235 2675 referantur.

287 2702 550 2742 Consentiunt
576 2699 692 2738 iidem
721 2706 901 2739 auctores
931 2713 1019 2739 cum
1047 2702 1173 2751 iisque
1201 2700 1348 2738 Plinius
1376 2701 1417 2738 in
1445 2701 1633 2738 mensuris
1664 2698 1943 2749 obeliscorum,
1979 2715 2081 2755 quos
2109 2703 2235 2743 Phero

285 2785 352 2811 rex
381 2768 505 2821 (apud
531 2768 698 2807 Diodor.
727 2769 754 2814 Ι,
786 2770 837 2807 59
865 2768 975 2807 nullo
1005 2770 1172 2815 nomine,
1202 2767 1308 2819 apud
1335 2768 1431 2806 Plin.
1461 2769 1509 2806 N.
1535 2769 1583 2806 H.
1603 2769 1778 2815 XXXVI,
1803 2772 1845 2808 11
1881 2771 2136 2809 Nunccoreus
2167 2785 2235 2822 ap-

286 2838 470 2892 pellatus)
499 2835 585 2876 Soli
614 2835 858 2876 dedicaverit.
914 2835 1050 2875 Nostri
1077 2834 1199 2875 verba
1227 2835 1289 2885 (11,
1308 2837 1403 2888 111)
1432 2836 1530 2876 haec
1559 2843 1650 2876 sunt
1679 2837 1736 2885 ,,ἐς
1756 2838 1819 2878 τοῦ
1837 2837 1963 2878 Ἡλίου
1986 2837 2025 2879 ro*
2046 2835 2112 2885 ἰσὶν
2136 2837 2236 2892 ‹2215-

287 2906 393 2953 θέητα.
421 2904 565 2951 ἀνέθηκε
593 2901 694 2959 ἔργα,
728 2900 881 2951 ὁβελοῦς
909 2899 971 2945 δύο
1000 2901 1160 2953 λιθίνους,
1196 2901 1336 2960 ἐξ,ἓνδς
1363 2902 1467 2948 ἐόντα.
1496 2903 1659 2959 ἑκάτερον
1688 2904 1798 2953 >ciffi-a,
1832 2907 1948 2956 μῆκες
1978 2902 2045 2958 μὲν
2077 2904 2237 2960 ἑκάτερςν
