2572 3423
1258 145 1310 188 11

1145 215 1433 230 mmm

313 308 509 348 vocabulo
538 311 580 348 in
607 311 653 347 iis
682 310 925 360 potissimum
954 308 1239 360 superficiebus
1269 307 1548 356 describendiS,
1581 323 1681 360 quae
1709 311 1834 349 forma
1863 309 2053 362 quadrata
2081 317 2181 358 sunt,
2212 318 2267 359 ut,

311 376 553 431 longitudine
573 378 688 416 unius
717 376 847 416 lateris
877 389 1068 429 expressa,
1098 383 1225 416 cetera
1245 389 1408 429 quoque
1436 375 1579 416 habeas
1608 377 1731 417 simul.
1771 379 2024 431 Apertissime
2043 377 2085 419 id
2105 378 2267 419 demon-

311 452 431 485 strant
457 446 537 483 loci
555 446 583 492 1,
605 448 698 490 181ς
727 446 772 492 11,
793 446 881 492 163,
912 444 1055 496 quibus
1082 445 1224 484 addere
1250 446 1364 483 liceat
1383 446 1428 493 11,
1450 445 1537 492 124,
1567 445 1636 483 ubi
1663 447 1831 491 πανταχῆ
1861 447 1998 485 eodem
2022 461 2143 487 sensu
2169 450 2266 487 scri-

310 522 419 566 ptum
455 521 523 553 est.
599 514 730 565 Quam
765 513 819 553 ob
858 528 1031 561 causam,
1075 528 1162 553 cum
1197 528 1347 565 neque:
1383 528 1711 569 quaquaversum
1743 514 1858 566 plane
1892 515 2029 554 reddat
2065 520 2266 556 notionem

309 582 422 621 huius
451 580 578 631 verbi,
613 584 761 635 quippe
790 579 903 634 quod
930 583 970 620 in
998 581 1132 621 formis
1163 581 1359 634 quadratis
1389 581 1536 635 aliquid
1564 582 1650 621 falsi
1678 581 1791 622 facile
1819 582 1958 622 inferat
1986 584 2027 623 in
2054 596 2153 632 rem,
2188 584 2264 625 illis

308 651 407 688 locis
436 651 633 688 maluerim
662 657 830 688 vertere:
866 663 1031 704 quaqua
1060 659 1190 704 parte.
1248 651 1409 697 Verum,
1447 650 1517 688 ubi
1551 663 1633 688 non
1662 663 1732 702 per
1761 663 1803 689 se
1832 651 2066 703 intelligitur,
2102 652 2264 690 formam

311 718 535 770 quadratam
564 732 660 766 esse,
698 732 799 770 quae
828 717 1082 765 describatur,
1120 717 1341 771 ambiguum
1376 725 1444 766 est,
1483 725 1612 758 utrum
1647 720 1921 770 praeferamus.
1984 721 2113 759 Lacus
2149 723 2266 772 igitur

309 787 402 827 loco
431 794 567 827 nostro
598 786 816 840 descriptus
845 793 912 826 aut
941 786 1022 826 fere
1050 785 1244 826 rotundus
1273 786 1356 835 fuit,
1386 793 1503 838 atque
1531 800 1578 826 ea
1608 787 1765 839 quidem
1793 787 2064 841 magnitudine,
2096 795 2138 827 ut
2167 801 2265 841 qua-

312 870 543 907 quaversum
573 855 703 907 (quod
739 869 813 894 nos
844 855 1078 894 diceremus:
1106 857 1150 893 in
1178 853 1394 905 diametro)
1428 858 1669 907 septuaginta
1705 855 1827 907 pedes
1864 864 1965 896 oeset
1999 857 2158 909 longus,
2196 865 2264 897 aut

308 924 433 965 forma
457 923 655 977 quadrata,
684 925 737 963 ita
756 930 800 963 ut
820 922 989 977 quodvis
1018 922 1119 963 latus
1147 923 1252 963 hunc
1280 922 1424 977 pedum
1451 936 1654 963 numerum
1675 926 1902 964 contineret.
1936 924 2076 974 Nobis,
2104 928 2137 965 si
2165 925 2263 966 illud

307 996 429 1044 prius,
458 999 501 1031 ut
530 992 640 1044 quod
668 999 828 1029 naturae
857 1005 985 1030 rerum
1014 994 1133 1043 magis
1153 991 1331 1029 videatur
1356 994 1576 1038 convenire,
1608 994 1829 1043 accipimus,
1859 995 1972 1031 etiam
2001 994 2064 1031 hic
2092 1000 2263 1031 statuen-

310 1060 402 1100 dum
432 1068 509 1108 est,
548 1059 795 1100 Herodotum
825 1062 1090 1099 aestimatione
1127 1074 1208 1099 non
1237 1062 1529 1112 computatione
1562 1062 1691 1098 nixum
1725 1060 1830 1099 hunc
1864 1075 2067 1100 numerum
2098 1061 2261 1109 tradere,

308 1136 462 1177 contra,
496 1131 528 1168 si
556 1129 718 1168 sormam
748 1128 959 1181 quadratae
988 1128 1149 1167 similem
1183 1128 1238 1167 illi
1266 1128 1370 1167 lacui
1396 1127 1670 1176 adscribimus,
1708 1131 1877 1181 cogitare
1906 1130 2012 1178 licet,
2049 1143 2137 1169 eum
2165 1132 2260 1183 ipsis

307 1198 386 1236 suis
413 1196 594 1248 passibus
628 1196 907 1248 longitudinem
943 1195 1072 1235 lateris
1102 1198 1217 1235 unius
1246 1208 1444 1235 emensum
1472 1209 1570 1235 esse.
1609 1220 1657 1226 —
1695 1197 1902 1236 Praeterea
1937 1196 2081 1249 pedum
2114 1199 2258 1237 mentio

306 1264 352 1303 fit
379 1265 539 1311 11‚176‚
575 1263 662 1311 ubi,
693 1266 923 1302 enumeratis
953 1263 1052 1311 aliis,
1089 1278 1191 1315 quae
1219 1263 1484 1303 memorabilia
1521 1270 1559 1302 et
1586 1266 1673 1303 visu
1702 1264 1817 1316 digna
1854 1264 2071 1304 condiderit
2099 1268 2261 1312 Amasis,

305 1346 373 1372 rex
401 1334 588 1385 Aegypti,
624 1335 676 1372 ita
705 1335 829 1385 pergit
864 1332 921 1380 ,,ε’ν
948 1331 987 1372 δὲ
1016 1331 1079 1372 καὶ
1109 1333 1142 1372 ἐν
1169 1331 1307 1386 Μέμφι
1337 1333 1442 1382 (scil.
1463 1332 1631 1383 ἀνέθηκε)
1664 1332 1720 1373 τᾶν
1748 1333 1873 1374 ὕπτιον
1900 1334 2057 1385 κειμενοι)
2084 1333 2261 1375 nonve&

304 1402 369 1441 τοῦ
395 1398 639 1453 ‘Emptas-refoti
669 1398 858 1451 ἔμπροσθε,
885 1400 950 1441 τοῦ
978 1398 1083 1443 τίὸες
1108 1400 1211 1441 πέντε
1238 1398 1303 1441 καὶ
1331 1400 1582 1452 ἑβδομήκοντα,
1612 1400 1675 1441 εἰσι
1704 1398 1744 1441 τδ
1769 1401 1897 1452 μῆκσς,
1926 1401 1983 1442 ἐπὶ
2012 1400 2050 1442 δὲ
2077 1402 2129 1455 τῷ
2156 1402 2260 1455 αὐτῷ

303 1467 430 1521 βάθρῳ
459 1469 586 1509 {crica
612 1468 820 1510 Αἰθιοπικοῦ
847 1467 957 1511 ἐόντες
990 1468 1089 1509 λίθου
1119 1467 1182 1508 δύο
1219 1468 1405 1515 κολοσσοί,
1440 1469 1546 1509 εἴκοσι
1583 1468 1697 1509 ποδῶν
1725 1468 1764 1509 τὸ
1799 1468 1961 1522 μέγαθος
1997 1467 2059 1509 ε’ὢν
2095 1465 2258 1524 ἑκάτερος

303 1556 338 1577 κ.
359 1555 389 1577 τ.
410 1538 469 1577 λ.”
512 1538 605 1576 Non
633 1551 785 1585 vereor,
814 1550 863 1576 ne
894 1540 958 1576 cui
986 1540 1123 1576 nimiae
1152 1538 1373 1576 subtilitatis
1403 1537 1601 1576 studiosus
1626 1537 1770 1585 videar,
1799 1541 1831 1576 si
1861 1541 2053 1577 coniicere
2081 1539 2256 1587 audeam,

302 1606 444 1657 prion‘s
474 1604 620 1644 colossi
648 1610 866 1644 accuratam
893 1604 1063 1657 prodere
1096 1607 1326 1657 scriptorem
1362 1619 1596 1653 mensuram,
1649 1605 1750 1645 duos
1786 1619 1882 1645 vero
1919 1605 2093 1658 reliquos
2127 1608 2255 1647 minus

304 1673 506 1725 diligenter
535 1675 765 1712 aestimasse.
836 1674 1006 1711 Primum
1045 1676 1144 1712 enim
1181 1673 1379 1712 difficilius
1419 1680 1515 1720 erat,
1560 1674 1741 1712 colossos
1780 1681 1932 1713 erectos
1978 1681 2160 1713 accurate
2199 1674 2257 1713 di-

302 1724 439 1789 metiri,
468 1755 583 1793 quam
610 1741 719 1780 illum
742 1740 791 1780 de
817 1740 904 1780 basi
930 1740 1132 1780 deiectum.
1170 1742 1258 1780 Huc
1287 1741 1447 1789 accedit,
1476 1741 1586 1793 quod
1615 1755 1677 1780 res
1706 1744 1791 1794 ipsa
1817 1742 1932 1781 nohis
1961 1742 2185 1794 persuadet,
2215 1752 2258 1783 ut

306 1811 529 1862 cogitemus,
558 1808 806 1848 Herodotum
835 1823 923 1848 cum
951 1811 1061 1848 istam
1098 1817 1260 1849 statuam
1289 1812 1480 1863 ingentem
1511 1812 1766 1862 conspiceret,
1795 1813 1927 1863 operis
1955 1811 2257 1863 magnitudinem

302 1880 477 1917 miratum
505 1877 676 1929 ideoque
704 1890 906 1916 mensurae
934 1880 1018 1917 eius
1047 1880 1262 1917 accuratius
1292 1878 1588 1931 cognoscendae
1615 1879 1810 1931 cupidum,
1840 1886 1906 1918 aut
1935 1881 2062 1932 ipsum
2091 1887 2256 1920 statuam

303 1960 500 1985 emensum
529 1960 624 1993 esse,
655 1945 764 1997 quod
785 1945 940 1996 quidem
960 1947 1072 1985 facile
1100 1949 1273 1997 potuerit
1300 1947 1504 1998 perficere,
1532 1955 1598 1985 aut
1617 1949 1905 1999 Aegyptiorum
1923 1947 2103 1999 aliquem,
2133 1962 2258 2001 quan-

303 2022 365 2053 tus
400 2020 502 2053 esset
531 2013 729 2060 colossus,
766 2016 1036 2065 interrogasse.
1093 2015 1256 2053 Numeri
1292 2014 1461 2064 denique
1494 2016 1570 2065 ipsi
1597 2015 1683 2053 talis
1718 2017 1776 2053 rei
1804 2017 1967 2066 vestigio
2004 2029 2086 2054 non
2115 2025 2256 2064 carent,

302 2095 472 2134 quorum
506 2084 615 2134 prior
643 2082 811 2133 speciem
845 2094 928 2120 non
955 2095 1118 2134 prorsus
1147 2083 1288 2130 exacti,
1325 2096 1440 2134 quam
1469 2082 1565 2122 alter
1593 2088 1727 2135 aperte
1762 2097 1857 2135 prae
1893 2098 1935 2124 se
1969 2085 2059 2132 fert,
2096 2088 2254 2124 omnino

301 2163 382 2189 non
416 2149 565 2189 habeat.
609 2149 751 2201 Neque
785 2148 826 2189 id
860 2163 909 2189 ne
943 2155 1094 2189 teneam
1123 2148 1280 2201 quidem
1316 2151 1472 2198 acriter,
1511 2150 1620 2201 quod
1654 2164 1838 2190 numerus
1870 2153 1920 2194 75
1956 2152 2066 2190 aliam
2100 2151 2255 2191 redolet

302 2230 530 2264 mensuram,
560 2230 638 2268 qua
667 2230 761 2255 usus
790 2218 839 2256 sit
866 2229 932 2256 rex
960 2218 1110 2256 Amasis
1138 2219 1178 2255 in
1207 2216 1440 2255 exstruendo
1470 2217 1538 2255 illo
1569 2216 1739 2255 colosso.
1797 2218 1897 2256 Sunt
1928 2221 2028 2256 enim
2058 2219 2108 2260 75
2129 2219 2253 2270 pedes

301 2303 343 2321 =
374 2288 425 2325 50
446 2284 601 2330 cubitis;
639 2291 677 2323 et
706 2284 801 2335 quid
830 2285 1084 2334 verisimilius,
1122 2299 1237 2338 quam
1265 2286 1363 2324 hanc
1390 2298 1607 2324 mensuram
1636 2286 1877 2336 propositam
1906 2285 2089 2326 habuisse
2118 2291 2253 2339 operis

302 2356 505 2394 auctores?
558 2354 713 2393 Illarum
742 2360 953 2392 statuarum
981 2354 1130 2392 nullum
1163 2353 1281 2392 hodie
1310 2361 1431 2393 exstat
1457 2355 1674 2405 vestigium,
1714 2360 1752 2392 et
1781 2367 1869 2392 cum
1904 2357 2036 2407 negari
2071 2365 2254 2408 nequeat,

302 2436 383 2470 eos,
419 2435 587 2474 quorum
613 2421 803 2472 reliquiae
831 2423 871 2460 in
895 2423 1079 2475 Aegypto
1108 2434 1236 2473 nuper
1263 2428 1439 2474 repertae
1467 2427 1566 2468 sunt,
1603 2420 1783 2460 colossos
1812 2435 1949 2461 omnes
1985 2423 2035 2462 ab
2064 2424 2141 2463 hoc
2170 2438 2251 2464 uno

299 2493 475 2542 superari
508 2489 785 2542 magnitudine,
822 2504 978 2541 semper
1014 2490 1161 2541 aliquid
1195 2496 1366 2528 remanet
1402 2488 1521 2527 dubii.
1587 2489 1775 2527 Maximus
1811 2492 1911 2527 enim
1948 2492 2132 2538 omnium,
2165 2493 2252 2531 Me-

299 2561 464 2606 mnonis,
499 2561 533 2598 si
562 2572 730 2610 corpore
765 2565 897 2598 erecto
933 2565 1044 2606 esset,
1079 2561 1232 2598 circiter
1259 2557 1313 2598 40
1333 2557 1554 2597 cubitorum
1589 2556 1867 2609 longitudinem
1895 2557 2058 2598 haberet
2087 2561 2154 2608 (cf.
2170 2561 2251 2601 De-

299 2628 488 2678 scription
516 2625 566 2664 de
594 2618 794 2678 l’Egypte‚
823 2632 915 2665 tom.
938 2627 1021 2665 VII.
1043 2640 1081 2678 p.
1101 2629 1206 2677 115).
1268 2627 1471 2665 Praeterea
1499 2625 1596 2665 alius
1626 2619 1772 2664 colossi
1799 2638 1955 2678 pugnus
1983 2629 2165 2667 inventus
2194 2637 2254 2670 est

301 2698 341 2733 in
369 2707 415 2733 ea
442 2695 612 2746 regione,
642 2693 711 2731 ubi
737 2694 928 2744 Memphis
956 2695 1038 2741 fuit,
1068 2697 1178 2732 cuius
1207 2707 1253 2732 ex
1281 2697 1469 2733 mensuris
1498 2694 1785 2746 diligentissime
1812 2697 2036 2735 examinatis
2051 2697 2251 2737 Iomardus

300 2764 364 2810 (cf.
383 2761 470 2800 libr.
490 2761 593 2800 laud.
616 2762 699 2799 VII.
725 2776 762 2812 p.
783 2763 877 2811 113)
908 2764 1082 2809 coniicit,
1118 2763 1218 2800 hanc
1247 2775 1409 2812 quoque
1438 2769 1601 2801 statuam
1633 2762 1687 2801 40
1709 2762 1866 2802 cubitos
1896 2764 2008 2802 altam
2035 2765 2164 2803 fuisse.
2196 2788 2246 2796 —

300 2831 483 2871 Ceterum
515 2833 566 2870 50
577 2829 698 2870 cubiti
727 2830 807 2869 sive
829 2829 879 2872 75
892 2829 1013 2881 pedes
1028 2830 1173 2870 Graeci
1202 2837 1291 2870 sunt
1317 2848 1362 2866 -—-·
1390 2833 1533 2878 23‚121
1557 2832 1666 2871 metr.
1683 2831 1769 2885 gall.
1786 2850 1832 2867 =
1852 2831 2064 2880 73,67'Rh.
2096 2856 2144 2864 —
2177 2834 2248 2873 His

1836 2907 1865 2942 B
1880 2913 1900 2944 2
